3750 5759
407 683 469 744 196

405 866 448 912 ria
464 863 575 919 nutritio,
599 863 668 910 hema
689 875 751 922 non,
776 876 852 924 quam
877 862 923 909 isti
946 867 1018 922 runt,
1040 864 1174 925 qtoriorm,
1195 865 1312 913 renident
1329 865 1496 913 condimentis
1513 865 1554 911 ait

406 945 555 992 uarietatem
570 942 644 990 itiam
660 946 685 989 et
702 942 808 1002 speeiem
819 940 924 1004 ferinae
940 941 1025 990 earnis
1041 957 1072 990 en
1089 948 1220 992 mansueta
1240 957 1285 992 rue
1299 942 1410 1006 saetam.
1444 943 1552 991 Plutar-

408 1023 469 1071 chus
484 1022 511 1069 iu
527 1022 590 1070 Vita
606 1020 752 1069 Flaminini.
771 1020 808 1070 17.
842 1021 1016 1078 Δειπνοῦντος
1032 1021 1111 1070 αὑτοῦ
1132 1024 1204 1087 παρὰ
1224 1023 1261 1087 τῷ
1277 1020 1349 1086 ξένῳ,
1366 1023 1407 1072 nai
1424 1019 1551 1086 μεμφομέ-

408 1119 454 1150 νου
471 1101 501 1149 τὸ
518 1101 618 1161 πλῆθος
638 1104 690 1149 τῶν
706 1104 797 1164 κριῶν,
824 1100 865 1148 nai
889 1098 1085 1164 θαυμάζοντος,
1111 1101 1193 1150 πόθεν
1217 1100 1282 1150 οὕτω
1308 1101 1426 1162 ποικίλης
1453 1100 1553 1166 ἀγορᾶς

409 1181 560 1246 εὐπόρησεν,
580 1178 661 1229 εἰπεῖν
677 1180 723 1229 τὸν
742 1177 825 1240 ξένον,
845 1178 880 1236 ὡς
900 1178 952 1227 iiten
970 1178 1059 1229 πάντα
1077 1180 1138 1242 ἐστὶ,
1159 1183 1192 1245 τῇ
1208 1181 1327 1245 σκευασίᾳ
1345 1179 1496 1246 διαφέροντα
1510 1180 1552 1229 rai

409 1263 463 1317 τοῖς
478 1258 613 1323 ἡδύσμασι.

458 1340 489 1388 Ρ.
508 1341 562 1391 175.
598 1341 771 1388 Nomentanue
787 1339 896 1388 amienm
932 1339 1049 1387 Tolleret.
1083 1339 1236 1402 Porphyrio:
1253 1340 1395 1399 „Tolleret,
1412 1339 1496 1402 peritu
1507 1336 1551 1386 tol-

409 1419 496 1468 leret.“
513 1427 538 1468 et
554 1419 695 1480 ,‚Toileret,
712 1419 794 1482 perIre
810 1418 909 1466 tollor.“
943 1417 1058 1480 Paulyus
1075 1419 1153 1482 signis
1170 1419 1286 1467 lacunam
1302 1417 1459 1481 significavit.
1488 1417 1550 1465 Por·

411 1499 501 1561 phyrio
517 1499 621 1548 fortasse
637 1500 746 1562 scripsit:
765 1501 905 1558 ‚‚Tolieret‚
923 1499 1041 1562 erigeret,
1060 1500 1208 1550 solaretur.“

460 1579 491 1627 P.
510 1580 564 1631 176.
597 1579 692 1629 Contra
712 1585 771 1627 sunt
791 1578 851 1635 loci,
877 1579 904 1627 in
924 1579 1013 1642 quibus
1029 1579 1168 1629 infinitIvuu
1185 1581 1283 1628 videtur
1300 1592 1354 1628 esse
1370 1577 1507 1627 mutandus
1524 1577 1550 1624 in

411 1658 579 1708 iudioutivom.
601 1660 690 1708 Livius
707 1660 791 1708 XLV.
808 1659 848 1707 38.
884 1659 955 1708 Sutia
970 1666 1102 1723 peceatum
1119 1663 1148 1709 in
1168 1661 1276 1710 Camillo
1287 1675 1303 1708 a
1314 1661 1450 1708 mannum
1460 1659 1552 1706 oeetrie

410 1743 456 1795 eet,
472 1754 543 1801 quem
559 1745 643 1788 tomen
659 1745 719 1787 ante
735 1744 859 1799 receptam
874 1754 921 1801 per
937 1755 994 1787 eum
1011 1755 1027 1786 ιι
1048 1740 1133 1788 (initio
1150 1742 1235 1788 urbem
1252 1741 1388 1787 violarunt.
1423 1738 1497 1786 Sutia
1513 1737 1551 1785 in·

410 1832 486 1879 nuper
508 1834 525 1866 a
548 1820 617 1866 rabie
637 1820 666 1866 in
688 1820 721 1866 P.
740 1819 878 1880 African03
897 1817 1000 1865 Literni
1017 1818 1169 1875 deneieiIium
1186 1823 1211 1866 et
1226 1820 1307 1866 eedem
1317 1818 1403 1879 seriem
1419 1817 1552 1864 domitoris

411 1898 530 1957 Africae,
548 1899 651 1946 Literni
665 1898 809 1959 sepulerum
827 1897 930 1945 ostendi.
964 1897 1162 1954 Erubeeeomur‚
1187 1899 1268 1959 pieria
1293 1899 1316 1945 ei
1340 1911 1390 1960 par
1410 1896 1463 1944 utu
1486 1895 1553 1944 ιιίιλι

412 1975 442 2023 L.
461 1978 574 2025 Partitur
589 1978 687 2024 iniuria
703 1982 787 2025 ventre
803 1981 966 2038 exaequetur.
1000 1974 1142 2024 Gronovius
1158 1976 1232 2039 legit:
1255 1977 1320 2025 eatis
1342 1978 1446 2038 insuper
1461 1989 1507 2022 nor
1522 1976 1553 2022 in

411 2055 445 2102 Ρ.
463 2054 600 2118 Africano,
624 2058 726 2105 Literni
747 2056 901 2104 domicilium
922 2060 948 2102 et
965 2057 1045 2103 eedem
1056 2055 1144 2116 futore
1161 2057 1293 2103 dorriitorie
1310 2054 1429 2117 Africae,
1446 2055 1553 2101 Literni

409 2136 553 2196 reputatum
569 2137 666 2184 attendi
674 2172 682 2195 ‚
698 2135 870 2183 erubescimus.
906 2134 1030 2182 Gloriane
1050 2149 1100 2195 par
1120 2135 1173 2182 utu
1190 2136 1255 2182 virio
1273 2135 1304 2182 L.
1323 2135 1434 2181 Paullus
1450 2133 1552 2180 iniuria

409 2215 487 2262 etiam
503 2221 587 2264 vestra
602 2213 806 2278 exaequabitur?
839 2213 955 2261 Fortasse
980 2212 1114 2275 simplicius
1140 2219 1205 2260 erut:
1234 2214 1305 2261 Satin
1327 2215 1432 2274 insuper
1448 2227 1464 2259 a
1482 2213 1553 2260 nobie

409 2297 437 2341 in
455 2296 488 2342 P.
508 2293 640 2357 Africano.
673 2296 807 2343 Liternum
832 2295 986 2342 donrieiIium
1011 2300 1035 2342 et
1059 2295 1141 2342 eedem
1160 2294 1246 2355 suisne
1271 2294 1402 2341 detentoria
1427 2291 1552 2354 Africae,

410 2374 513 2421 Literni
528 2377 670 2435 sepulcrum
686 2376 802 2423 ostendit.
836 2373 990 2423 Gravissime
1007 2379 1033 2420 et
1048 2372 1169 2421 invidiose
1190 2374 1332 2435 sepulerum
1354 2373 1475 2420 enimait:
1499 2384 1552 2418 non

410 2451 497 2510 modo,
518 2452 577 2514 quia
593 2453 627 2501 ibi
644 2453 754 2516 sepultus
781 2460 828 2511 est,
850 2453 986 2501 sedetiam
1003 2454 1116 2516 sepulcro
1134 2452 1181 2500 fuit
1201 2452 1358 2514 iuscriptum,
1379 2451 1445 2514 quod
1465 2457 1554 2499 narrat

404 2529 496 2590 ,Valen
513 2531 621 2581 Maxim.
638 2533 673 2582 V.
690 2535 714 2582 3.
744 2535 856 2595 Inqrata
870 2535 961 2594 petria
978 2548 1009 2581 ne
1025 2547 1083 2581 orto
1099 2533 1197 2594 quidem
1215 2547 1270 2579 mea
1287 2531 1369 2578 haber.
1398 2528 1493 2577 Utrum
1505 2529 1553 2577 hoc

410 2610 446 2658 ito
462 2610 537 2659 fuerit
553 2612 712 2676 inscriptum,
729 2627 762 2660 an
778 2612 860 2672 eliud,
878 2611 915 2659 nil
932 2611 1014 2660 refert.
1049 2610 1133 2674 Scipio
1154 2617 1220 2660 certe
1243 2609 1268 2656 in
1289 2608 1370 2672 patrio
1389 2607 1490 2670 sepeliri
1507 2622 1552 2656 no-

410 2688 465 2738 luit.
482 2690 538 2739 Liv.
556 2691 717 2740 XXXVIII.
729 2692 768 2740 53.
808 2694 895 2740 Vitam
911 2691 1013 2739 Literni
1030 2693 1093 2752 epit,
1110 2692 1165 2739 eine
1182 2691 1304 2739 derident
1321 2689 1399 2736 urbia.
1434 2687 1467 2733 M
1469 2688 1552 2735 orien-

411 2775 460 2817 tem
476 2785 548 2828 rure,
566 2787 592 2820 eo
608 2774 663 2834 ipro
679 2775 730 2821 loeo
746 2769 847 2834 sepeliri
863 2785 889 2820 ee
905 2771 1007 2820 ιἰιιιίιιι
1021 2770 1128 2833 ferunt,
1151 2774 1384 2831 monumentumque
1405 2768 1441 2816 ibi
1462 2767 1553 2830 aedifi-

410 2850 477 2907 cari,
494 2866 525 2898 ne
534 2849 620 2913 funus
635 2852 683 2898 rior·
700 2853 727 2898 in
742 2852 846 2913 inqrnta
861 2851 952 2913 patria
961 2850 1048 2912 fleret.
