3750 5759
781 675 962 740 LiBnlt
1010 677 1034 740 l.

383 860 555 945 Contigit?
589 862 659 944 „At
684 883 806 944 sernia,
831 863 948 947 lingua
971 863 1150 928 concinnus
1175 871 1328 950 utraque,

383 963 534 1049 Suavior‚
559 971 598 1031 ut
622 965 704 1032 Chio
727 972 807 1031 nota
831 967 860 1032 si
883 968 1064 1033 commixta
1088 968 1220 1034 Falerni
1243 974 1327 1035 est.“

383 1067 492 1148 Quum
515 1091 628 1135 versus
652 1070 775 1153 facias,
801 1076 834 1136 te
859 1071 971 1157 ipsum
994 1080 1175 1158 percontor,
1200 1097 1242 1138 an
1266 1079 1299 1139 et
1323 1096 1424 1159 quum

384 1171 475 1236 Dura
499 1172 561 1237 tibi
583 1174 770 1258 peragenda
793 1175 839 1239 rei
862 1175 907 1240 sit
930 1198 1028 1240 causa
1050 1177 1186 1241 Petilli?

383 1274 516 1342 Scilicet
540 1277 660 1343 oblitos
683 1277 877 1364 patriaeque
900 1280 1085 1366 patrisque,
1109 1280 1227 1347 Latine

384 1377 493 1458 Quum
518 1381 639 1446 Pedius
664 1404 779 1448 causas
804 1384 943 1449 exsudet
966 1384 1135 1470 Poplicola
1158 1391 1255 1471 atque

335 1570 471 1633 Coniugis,
502 1572 568 1621 illius
594 1575 637 1636 qui
662 1572 743 1638 fugit?
777 1576 881 1639 Dionys.
926 1579 1033 1626 Falerni
1049 1583 1093 1626 eet.
1127 1579 1162 1626 Et
1179 1578 1268 1628 Graeci
1284 1577 1358 1626 talem
1376 1592 1472 1641 compa·

333 1651 521 1704 Halic.VI.78.
539 1655 620 1714 ὴτοῖς
632 1654 755 1719 ἀξιώμασι
773 1656 882 1718 (anerei
925 1657 1045 1705 rationem
1061 1657 1198 1716 usitabant,
1216 1659 1281 1706 unde
1301 1657 1404 1706 Lucian.
1421 1656 1471 1705 De-

280 1748 282 1752 ·
334 1734 435 1794 σαντες)
453 1737 505 1782 τῶν
522 1734 698 1798 πρεσβευτῶν;
722 1738 746 1784 οἳ
764 1738 810 1793 τὰς
828 1736 882 1785 iau·
924 1735 1014 1784 mosth.
1032 1737 1134 1784 Encom.
1160 1737 1199 1787 47.
1224 1736 1282 1799 ἐμοῦ
1304 1737 1400 1800 τὰμὲν
1417 1735 1470 1784 δεο-

334 1814 387 1858 τών
409 1810 568 1875 παρέχονται
591 1814 700 1873 πίστεις
723 1814 773 1862 Per
798 1814 882 1862 liuius·
923 1815 1018 1879 pirou,
1045 1818 1077 1864 τὰ
1104 1815 1129 1864 tt
1155 1816 1337 1877 ἀπειλοῦντος,
1364 1814 1472 1874 ἁπαλὴν

333 1891 402 1938 modi
413 1891 619 1954 interrogationes
631 1892 724 1955 aliquid
735 1895 881 1942 antecedens
923 1896 1023 1957 μοῦσαν
1042 1893 1135 1959 στερῤᾄ
1152 1895 1333 1959 κεραννύντος.

332 1968 467 2027 temtatur,
485 1979 509 2019 et
526 1969 628 2019 verbum
646 1972 671 2018 in
687 1980 798 2034 tempore
811 1987 880 2036 prae·
958 1972 1062 2021 Scilicet
1079 1975 1166 2023 oblitae
1182 1975 1331 2036 patriaeque
1339 1976 1473 2038 patrieque

333 2049 398 2096 senti
414 2051 520 2112 ponitur.
554 2051 598 2099 Ad
620 2051 693 2098 istam
715 2065 828 2100 normam
844 2052 880 2100 lo·
924 2051 1021 2110 Latini,
1050 2051 1115 2100 Cara
1133 2055 1230 2102 Pedia-r
1246 2067 1348 2102 caussae
1364 2055 1472 2101 exsudat

333 2144 378 2177 cus
394 2132 493 2179 Horatii
510 2147 560 2180 non
577 2139 658 2194 potest
675 2132 802 2194 explicari.
819 2133 879 2182 Pos-
924 2133 1063 2192 Poplicola.
1097 2134 1167 2181 Ante
1185 2133 1326 2182 Bentleium
1343 2132 1470 2194 legebatur

332 2218 379 2268 set,
395 2211 416 2258 si
437 2210 573 2273 legeretur:
600 2213 622 2260 0
647 2214 697 2260 seri
718 2212 879 2260 studiorum!
921 2211 1021 2257 oblitus.
1055 2212 1102 2259 Est
1119 2226 1169 2259 una
1186 2213 1216 2260 de
1227 2212 1398 2274 pulcherrimis
1414 2212 1470 2260 Bri·

337 2290 421 2348 Qaiue
439 2293 543 2352 putarit
580 2291 697 2352 Difficile
721 2307 752 2340 aa
772 2293 880 2348 mirum,
921 2290 993 2337 tanni
1002 2291 1152 2339 coniecturis.
1168 2292 1239 2339 Idem
1252 2294 1384 2339 Latialex
1392 2290 1469 2341 MSS.

334 2371 433 2419 Rhodio
457 2373 523 2431 quad
552 2373 711 2420 Pitholeonti
749 2371 879 2434 Coatiqit?
921 2371 1028 2418 restituit
1045 2374 1202 2433 prohetiae.
1228 2372 1294 2419 Mihi
1307 2372 1469 2420 verumvide·

333 2448 371 2497 At
387 2448 509 2512 Lucilius,
521 2451 615 2507 dicitis,
626 2464 749 2511 magnum
761 2450 825 2509 fecit,
834 2466 878 2514 pu·
921 2455 964 2496 tur
974 2453 1078 2508 Latiae,
1090 2459 1115 2499 et
1123 2458 1250 2514 praeterea
1260 2449 1407 2513 legendum:
1422 2468 1468 2514 pa·

333 2528 395 2576 tavit
411 2543 438 2577 se
459 2545 577 2593 magnam
598 2545 651 2578 rem
669 2530 760 2578 fecisse.
794 2529 878 2579 Oros
922 2531 1034 2592 trinaque
1048 2538 1209 2594 patriamque.
1227 2529 1267 2579 Sic
1276 2537 1300 2577 et
1310 2530 1468 2580 Sanadonum

332 2607 382 2655 seri
398 2609 545 2668 studiorum,
563 2618 658 2656 tantam
667 2608 785 2671 ineptiam
802 2609 879 2657 Luci·
922 2610 1028 2661 voluisse
1045 2613 1125 2660 video.
1159 2611 1227 2659 Illud
1250 2612 1343 2657 Latiae
1365 2627 1468 2661 cauerat

331 2686 365 2735 lio
382 2688 523 2737 tribuentes.
556 2688 637 2737 illene
654 2695 764 2751 putasset
777 2688 879 2736 difficile
921 2693 1027 2738 excudat
1055 2690 1182 2739 Bentleius
1205 2689 1364 2737 vehementer
1389 2705 1470 2753 repre·

331 2773 357 2814 et
373 2768 476 2826 mirum,
495 2770 560 2831 quod
576 2775 627 2816 tam
645 2768 715 2816 facile
732 2769 777 2826 sit,
794 2776 822 2814 ut
839 2768 879 2816 rei
921 2768 1013 2817 hendit.
1039 2772 1114 2829 „Non
1131 2769 1188 2817 dicit
1199 2783 1303 2818 capreae
1314 2785 1398 2830 apera-
1416 2769 1466 2826 sed,

331 2845 482 2897 Pitholeonti
499 2849 645 2910 contigerit?
670 2848 736 2908 Quid
757 2847 879 2909 significet
920 2862 970 2909 qua
985 2850 1085 2897 satiram
1102 2850 1171 2897 decet
1194 2848 1349 2910 metaphora,
1367 2863 1468 2896 cauerat

334 2927 419 2985 Quae
433 2931 550 2990 putatia,
566 2928 629 2977 mihi
650 2928 716 2975 haud
732 2928 812 2990 magis
829 2927 878 2975 cla·
919 2931 1049 2978 exsudare.
1088 2929 1125 2977 At
1151 2943 1223 2981 vero,
1252 2928 1369 2991 quidquid
1391 2927 1467 2976 verbo

331 3020 389 3054 rum
406 3015 455 3066 est,
471 3024 546 3072 quam
563 3008 589 3055 in
603 3007 737 3057 Terentio:
756 3010 878 3070 Lepidam
919 3009 1018 3070 proprio
1045 3011 1175 3076 conuenit,
1201 3023 1252 3056 non
1276 3009 1340 3056 idem
1368 3023 1482 3071 quoquc¹

330 3093 426 3148 caput:
456 3090 530 3150 quiae
553 3089 722 3150 postputavit.
763 3085 877 3135 Donatus
920 3087 996 3137 verbo
1013 3090 1139 3139 translato.
1166 3091 1260 3138 Latiae
1275 3103 1377 3138 caussae
1394 3104 1467 3137 arare

330 3166 430 3229 quidem
446 3167 602 3230 interpretari
622 3165 708 3214 nesciit
724 3165 771 3212 nisi
788 3180 831 3228 per
848 3168 877 3216 τὸ
919 3175 984 3216 recte
1001 3170 1096 3229 dicitur,
1120 3171 1214 3218 Latiae
1229 3170 1353 3217 eusudare
1369 3175 1465 3230 porten-

331 3245 460 3310 παρέλκον
484 3255 513 3294 ut
529 3247 715 3296 commentator
731 3244 876 3295 Horatium:
918 3252 972 3294 tum
990 3247 1064 3310 plane
1081 3256 1130 3306 est,
1148 3256 1172 3297 et
1188 3249 1214 3296 in
1225 3249 1322 3310 ignotas
1333 3255 1412 3296 terras
1423 3248 1465 3295 de·

329 3343 378 3383 „ae
392 3327 489 3389 syllaba
504 3328 612 3375 abundat
628 3327 652 3374 in
663 3326 808 3374 sententia.“
829 3325 876 3373 Le·
918 3328 1080 3385 portandum,
1108 3328 1149 3374 ubi
1182 3326 1275 3375 incolae
1305 3329 1399 3374 Latine
1423 3341 1465 3374 vo-

329 3420 390 3468 gam
414 3409 508 3470 potium
537 3408 607 3466 Quia
634 3409 725 3456 arrraia.
759 3404 876 3468 Ctesipho
917 3413 990 3451 munt
1014 3412 1038 3452 et
1056 3408 1150 3453 Latiae
1172 3414 1283 3453 ventrem
1305 3410 1463 3453 exonerant.“

329 3486 399 3535 dicit:
418 3488 496 3537 Illiae
511 3504 588 3551 opera
609 3503 676 3535 rraac
692 3488 754 3534 aiae.
787 3484 876 3547 Neque
917 3483 1059 3542 Bentleius,
1085 3484 1132 3531 ista
1149 3484 1270 3541 scribens,
1286 3499 1336 3532 non
1353 3485 1464 3532 reeorda-

328 3567 377 3614 hoc
393 3569 416 3616 ei
433 3567 577 3616 sufficiebat.
609 3568 692 3626 Quia,
709 3564 875 3628 quinetiam,
917 3563 989 3610 batur
1007 3563 1134 3611 Iuvenalis
1153 3563 1225 3612 Satir.
1245 3564 1294 3613 VI.
1315 3564 1361 3612 185
1377 3579 1413 3627 sq.
1438 3579 1464 3613 ee

328 3648 379 3694 imo
395 3649 468 3698 etiam
484 3650 567 3698 onmia
588 3648 637 3695 eibi
650 3647 811 3708 portpatacit
827 3660 876 3694 erre
915 3659 965 3692 aaa
979 3650 1058 3707 putat
1076 3646 1130 3692 ulla
1164 3645 1384 3704 Forruosara‚alri
1400 3660 1464 3707 quae

326 3741 392 3788 prae
416 3743 468 3776 meo
492 3729 628 3783 caminada,
655 3723 809 3781 Maledicta,
828 3723 873 3786 fa·
916 3727 947 3773 de
976 3727 1059 3776 Tusca
1087 3727 1215 3775 Graecula
1232 3727 1311 3787 saeta
1335 3730 1387 3773 eet:
1422 3724 1464 3775 De

328 3822 410 3866 mam,
431 3823 511 3855 araim
528 3820 636 3854 aurarem
659 3808 685 3852 et
699 3807 829 3865 peceatum
846 3805 875 3850 ia
918 3805 1077 3854 Sulmonensi
1106 3821 1175 3855 ruera
1206 3804 1347 3867 Cecropia?
1379 3807 1464 3856 amatia

327 3903 355 3936 ae
371 3888 514 3935 transtulit,
539 3885 625 3934 Plaut.
637 3883 727 3932 Bacch.
737 3881 772 3930 11.
782 3897 822 3930 111.
833 3883 873 3934 77.
919 3885 1024 3942 Graece,
1051 3885 1116 3934 Cum
1132 3887 1167 3934 eit
1185 3892 1259 3948 turpe
1275 3887 1355 3947 acepit
1370 3887 1464 3935 nostrie

327 3968 415 4017 Nicob.
434 3971 491 4018 Nae
507 3970 562 4023 ille,
574 3968 665 4024 hercle,
678 3968 739 4014 aiiii
750 3968 784 4013 rit
796 3969 874 4013 multo
915 3966 1011 4013 nescire
1027 3967 1130 4013 Latiae.
1166 3967 1220 4014 Hac
1236 3980 1347 4013 serraaue
1360 3970 1464 4027 pareat,

329 4053 401 4096 tauta
417 4053 509 4105 carim,
539 4050 570 4097 Si
594 4062 633 4094 rue
648 4047 706 4094 illae
722 4061 785 4093 aare
802 4050 874 4094 tauto
916 4045 960 4093 hac
977 4046 1051 4102 iram,
1068 4046 1171 4107 qaudia,
1187 4059 1271 4101 aurae,
1302 4046 1463 4093 Haceaacta

327 4128 534 4176 circumduxerit.
569 4126 659 4189 Chrys.
687 4127 755 4185 Quia
773 4128 801 4173 ia
816 4127 874 4188 ipra
915 4124 1053 4186 ffaaduat
1071 4125 1149 4172 aulaei
1165 4130 1270 4173 secreta.
1291 4124 1360 4180 Quid
1376 4123 1462 4170 ultra?

328 4209 389 4255 aede
406 4210 510 4257 Dianae
526 4209 654 4258 cartditara
670 4215 714 4256 ert.
749 4206 777 4255 si
798 4206 832 4254 ibi
848 4206 873 4254 in
918 4201 1091 4252 Coaaumbaat
1111 4205 1213 4252 Graece.
1247 4202 1368 4250 Insanum
1386 4201 1461 4251 Graa-

327 4287 406 4338 MSS.
422 4296 486 4337 esset
505 4290 609 4347 Quodne
624 4289 652 4335 ia
668 4289 726 4350 ipea
737 4289 796 4334 aede
810 4288 873 4334 Dia·
916 4294 957 4328 cos
975 4281 1087 4330 imitandi
1102 4282 1224 4339 studium,
1241 4280 1291 4328 iam
1308 4287 1365 4327 ante
1382 4280 1461 4328 Hora·

327 4382 376 4416 aaa
384 4370 511 4417 conditam
523 4371 576 4416 ert?
591 4367 658 4415 haud
669 4373 873 4424 mutarem3nam
915 4362 978 4410 tium
995 4377 1067 4424 saepe
1083 4361 1270 4424 reprehensum,
1287 4367 1366 4408 aetate
1382 4361 1461 4408 Hora-

326 4451 390 4510 qain
405 4450 492 4497 eodem
503 4449 574 4506 redit,
590 4462 690 4510 nempe:
711 4461 800 4495 aurum
812 4445 874 4494 illud
916 4442 944 4490 tii
961 4449 985 4490 et
1001 4450 1057 4504 post
1073 4442 1157 4489 crevit.
1184 4441 1296 4502 Apparet
1314 4439 1353 4487 vol
1371 4455 1403 4488 ex
1420 4440 1461 4488 Iu-

326 4541 376 4576 non
399 4528 468 4578 facile
489 4527 645 4592 surripietur;
671 4536 771 4582 eontra,
798 4527 874 4588 probe
917 4522 1011 4572 venale.
1028 4520 1236 4584 Loquuntur,ait,
1249 4519 1354 4578 Graece,
1368 4519 1461 4570 Graece

327 4616 476 4658 asservatur.
916 4610 1019 4667 pavent,
1045 4602 1197 4660 irascuntur,
1221 4601 1345 4663 gaudent,
1367 4597 1478 4650 Graece

360 4688 477 4743 Suauior,
494 4693 524 4735 ut
542 4686 607 4734 Clio
623 4691 682 4733 uota
699 4687 722 4734 ei
739 4686 874 4734 cornmiata
915 4682 1087 4732 concumbunt.
1130 4679 1183 4730 Cur
1210 4680 1337 4743 Poplicola
1361 4695 1461 4730 caussas
