3750 5759
810 727 992 792 LIBER
1038 729 1081 792 II.

416 908 465 974 Ac
488 910 599 995 potius
623 912 712 979 foliis
736 937 852 1000 parcus
876 920 1027 980 vescatur
1050 915 1190 980 amaris:

417 1011 453 1078 Si
477 1014 594 1098 posttis
619 1015 709 1083 intus
734 1018 809 1084 Chii
832 1019 1015 1104 veterisque
1039 1018 1170 1084 Falerni

414 1115 508 1182 Mille
531 1118 639 1202 cadis,
665 1120 748 1186 nihil
773 1127 839 1204 est,
864 1127 1047 1188 tercentum
1070 1122 1238 1205 millibus,
1263 1114 1335 1187 acre

415 1218 513 1286 Potet
535 1228 664 1288 acetum
672 1221 689 1303 3*
705 1247 781 1311 age,
808 1225 836 1290 si
859 1231 893 1291 ct
916 1226 1106 1292 stramentis
1132 1226 1265 1291 incubet
1289 1226 1391 1290 unde-

367 1402 465 1452 Pallad.
483 1406 504 1454 I.
522 1408 562 1455 29.
580 1418 604 1456 et
617 1407 743 1458 flumenta
754 1412 915 1473 nmliuuquu-
958 1410 1311 1475 dian.in1iutrop.l.2tii.
1346 1413 1377 1461 Si
1402 1413 1509 1474 Lyciam

366 1484 414 1530 riis
432 1482 527 1546 frangi
551 1486 616 1535 dixit
643 1488 709 1536 idem
726 1488 748 1537 I.
777 1490 834 1537 42.“
867 1489 915 1536 Est
958 1494 1067 1540 tenuisse
1092 1495 1166 1549 velit,
1191 1499 1229 1542 tot
1253 1494 1335 1540 miliia
1358 1506 1451 1554 ponam·
1478 1490 1508 1539 Si

366 1571 449 1611 tamen
475 1565 502 1612 in
527 1567 668 1615 coniectura
696 1568 755 1627 ista,
783 1569 850 1631 quod
876 1582 916 1616 me
961 1570 1089 1633 Phrppna,
1108 1573 1186 1620 udde:
1203 1587 1303 1633 parum.
1328 1572 1398 1634 Lege
1413 1586 1507 1633 purum

366 1652 482 1691 moretur.
516 1645 588 1706 Iure,
605 1663 638 1695 an
654 1662 738 1706 secus,
756 1649 914 1697 videatMei·
957 1654 1000 1696 eet.
1034 1651 1123 1699 Emtor
1143 1651 1252 1699 millibus
1274 1651 1369 1715 aliquid
1385 1650 1508 1698 addidisse

363 1722 460 1770 nerins.
495 1724 523 1774 Si
548 1725 700 1776 frumentum
724 1728 778 1776 cibo
802 1736 915 1791 paratur,
957 1724 1111 1790 intelligitur.
1146 1731 1195 1780 Sed
1217 1746 1249 1779 ne
1270 1731 1316 1779 hoc
1331 1730 1430 1793 quidem
1455 1730 1506 1778 Eu-

364 1809 390 1849 et
406 1801 541 1866 frangitur,
559 1807 615 1855 addi
632 1807 696 1856 solet
712 1808 914 1873 instrumentum,
957 1807 1037 1869 tropio
1060 1810 1119 1858 satis
1136 1825 1189 1859 esse
1206 1811 1342 1859 videbatur.
1377 1811 1446 1872 Ergo
1468 1810 1503 1857 di·

363 1895 414 1943 quo
431 1881 567 1946 frangitur,
585 1888 650 1935 utin
663 1886 783 1951 exemplis
797 1888 915 1937 Palladii·
957 1886 1002 1934 cit:
1016 1903 1112 1949 parum
1129 1897 1180 1949 eat,
1203 1897 1231 1938 ut
1251 1890 1341 1939 mulier
1362 1889 1406 1937 illa
1429 1889 1504 1939 Satir.

364 1961 405 2009 Ita
426 1963 476 2010 iam
498 1965 590 2028 Virgil.
608 1965 699 2030 Georg.
718 1968 738 2016 I.
760 1969 818 2020 267.
855 1971 914 2018 Tor-
957 1966 1090 2017 1.11.120.
1117 1971 1181 2018 Post
1191 1970 1436 2032 purrio,aedpiurir.
1462 1968 1504 2018 Se·

363 2046 417 2088 rete
435 2044 488 2104 igni
493 2044 585 2106 fruges
597 2051 621 2095 et
627 2047 748 2110 frangite
759 2063 828 2097 auxo.
846 2049 914 2098 Plin.
957 2059 1016 2093 neca
1032 2047 1112 2110 Epist.
1130 2049 1170 2099 78.
1206 2051 1264 2098 Non
1280 2050 1416 2112 respondit.
1451 2051 1504 2097 Pn-

364 2120 398 2170 H.
416 2122 450 2171 N.
473 2123 578 2174 XVIII.
605 2140 652 2175 vn.
687 2130 818 2178 Hordeum
844 2131 916 2178 molit
956 2140 1014 2175 rum
1030 2133 1075 2177 eat.
1110 2132 1195 2188 Risit,
1211 2135 1236 2178 et
1252 2130 1350 2191 quidem
1366 2144 1397 2177 ex
1414 2130 1506 2177 animo.

356 2200 496 2264 frangunt.
531 2203 558 2253 si
583 2207 637 2268 quia
661 2206 805 2271 simpliciter
826 2208 916 2256 dicitur
956 2205 1049 2269 Appul.
1067 2207 1143 2271 Apol.
1161 2223 1184 2271 p.
1197 2208 1253 2260 578.
1279 2209 1505 2257 Lustromentitue

363 2294 444 2340 gruna
449 2281 585 2345 frangere,
598 2284 623 2332 id
636 2285 716 2334 facere
727 2286 850 2349 cogitatur
859 2289 915 2336 den-
955 2291 1000 2334 eat.
1028 2289 1239 2336 Porumtocest.
1266 2289 1505 2350 Liberalimupcrm.

364 2361 446 2420 tibus,
470 2363 516 2410 hoc
541 2371 578 2412 est
602 2380 688 2414 morsu
712 2365 841 2431 frangere,
858 2382 915 2415 cum
955 2363 1109 2414 Affectatum
1126 2365 1188 2414 illud
1206 2365 1312 2416 Senecae
1323 2366 1348 2412 in
1360 2365 1506 2414 HercFur.

362 2440 446 2488 sonitu
470 2443 650 2504 comminuere,
676 2453 704 2493 ut
730 2445 862 2496 Claudian.
884 2449 914 2498 R.
955 2445 1011 2494 643.
1046 2448 1131 2509 Lycus
1158 2445 1262 2496 Creonti
1288 2447 1385 2494 debitus
1410 2460 1504 2507 poenas

364 2517 480 2583 Proserp.
505 2521 555 2572 III.
579 2524 618 2572 42.
641 2525 671 2573 de
688 2526 791 2588 antiqua
807 2526 851 2575 illa
866 2527 914 2589 βα·
952 2526 1033 2573 datii.
1068 2527 1177 2574 Lentum
1200 2531 1249 2582 eat,
1271 2526 1356 2584 uertit,-
1380 2526 1440 2582 dat,·
1459 2525 1504 2572 noe

362 2598 516 2665 ληνοφαγίςι,
532 2605 655 2663 pecudum
667 2605 691 2651 si
703 2620 769 2653 neore
779 2611 915 2668 pererrant
954 2619 1049 2666 quoque
1065 2610 1101 2652 eat
1118 2607 1229 2663 lentum5
1247 2606 1322 2653 dedit.

364 2678 439 2739 Aria,
466 2682 489 2728 ei
507 2681 640 2744 frangunt
656 2687 797 2734 communia
818 2687 915 2746 pabula
989 2684 1343 2739 Struorentirmcuiet,nnde
1370 2680 1504 2743 Octoginta

361 2760 471 2821 glandes.
505 2761 596 2826 Virgil.
619 2763 712 2827 Georg.
734 2764 771 2814 Π.
788 2767 828 2817 71.
846 2766 914 2815 dixe·
955 2770 1127 2812 concertatus.
1162 2762 1504 2825 Meinekius:„1neptissime

363 2844 403 2886 rat
418 2840 448 2888 de
464 2841 563 2901 ruibus,
579 2842 622 2905 qui
632 2845 748 2906 glandem
754 2843 858 2906 fregere
869 2849 915 2894 ani
955 2843 1020 2891 unde
1044 2846 1170 2906 octoginta
1195 2842 1254 2890 anni
1279 2849 1504 2891 commemorantur

362 2920 453 2968 alariis:
480 2921 522 2969 ubi
542 2921 615 2985 plura
635 2923 724 2972 Burm.
756 2923 813 2972 Nisi
834 2925 914 2973 Hora-
953 2935 998 2983 pro
1022 2936 1052 2970 eo
1076 2937 1150 2986 quem
1175 2922 1276 2987 quilibet
1301 2921 1363 2970 alius
1384 2923 1506 2984 posuisset

363 2997 411 3045 tius
436 2999 586 3063 elegantiam
609 3003 758 3066 quaesiverit
783 3003 809 3050 in
836 3018 864 3051 eo
887 3012 915 3053 ut
954 3013 1057 3048 numero
1073 3005 1212 3064 octoginta,
1231 3002 1314 3064 itaque
1332 3002 1411 3064 recepi
1421 3016 1505 3051 emen·

363 3079 428 3127 idem
457 3082 563 3130 verbum
591 3083 623 3131 ad
650 3083 761 3146 opposita
788 3083 914 3143 retulerit,
954 3079 1080 3129 dationem
1097 3081 1221 3140 Horkelit
1242 3084 1305 3130 ndu.
1340 3081 1394 3130 Νθθ
1412 3082 1502 3130 minuit

362 3160 503 3221 contingere
527 3177 620 3210 aarum
645 3169 670 3210 et
693 3164 835 3226 contingere
857 3181 913 3226 pra·
954 3161 1107 3223 corruptelae
1128 3161 1292 3226 suspicionem
1315 3162 1381 3224 quod
1398 3161 1504 3209 Priscia-

362 3253 435 3296 num,
451 3239 553 3289 mallem
570 3240 637 3289 aliud
653 3241 771 3301 verbum,
789 3259 813 3293 v.
830 3257 851 3291 c.
869 3261 913 3292 aa·
954 3254 1001 3287 nus
1019 3240 1123 3289 XVIII.
1141 3241 1181 3290 24.
1198 3242 1224 3289 in
1242 3255 1286 3289 suo
1303 3255 1403 3303 quoque
1419 3241 1503 3289 codice

363 3317 422 3365 deut
438 3320 550 3367 enciens
566 3322 682 3369 doruinna
699 3338 840 3372 consumere
855 3340 913 3387 pru·
954 3319 1019 3367 idem
1042 3320 1109 3382 quod
1131 3320 1204 3368 hodie
1227 3321 1307 3367 edItur
1324 3320 1443 3382 scriptum
1461 3321 1504 3368 ha·

363 3410 431 3443 nuni.
464 3398 553 3447 Horat.
575 3399 656 3462 Epist.
679 3401 700 3449 I.
718 3417 747 3449 11.
766 3402 806 3452 27.
823 3404 916 3464 fruges
954 3397 1014 3446 buit.
1048 3399 1204 3446 Priscianum
1232 3396 1325 3444 vitiosis
1346 3398 1444 3446 Horatii
1466 3413 1504 3447 oo·

364 3489 506 3526 consumere
517 3481 587 3536 nuti,
604 3494 636 3528 ex
649 3480 758 3538 Graeco,
774 3491 803 3531 ut
814 3491 914 3541 notum,
954 3477 1049 3525 dicibus
1070 3492 1143 3525 usum
1165 3490 1217 3524 esse
1239 3475 1312 3524 etiam
1329 3475 1430 3524 aliunde
1447 3490 1504 3524 con-

363 3553 473 3621 ἀρούρης
490 3559 589 3621 καρπὸν
610 3559 702 3609 ἔδουσι.
729 3562 919 3625 Apitziuscon··
954 3563 1011 3606 stat.
1044 3556 1112 3606 illud
1137 3570 1196 3604 vero
1220 3569 1287 3602 nunc
1311 3553 1397 3602 dubito
1419 3560 1504 3601 utrum

362 3635 470 3685 iiciebat:
507 3640 658 3688 contundere
686 3657 802 3702 granarii,
836 3641 911 3692 Com.
954 3639 1021 3701 quod
1037 3636 1174 3686 Horkelius
1189 3634 1268 3683 voluit
1283 3635 1356 3698 poita
1371 3634 1505 3696 scripserit,

363 3729 424 3778 paro
439 3717 480 3764 hic
497 3715 603 3764 Luciani
620 3717 706 3768 Somn.
731 3722 768 3770 lt.
795 3720 912 3786 ’Λνεψιὸς
955 3733 987 3766 an
1013 3718 1078 3782 quod
1104 3717 1155 3780 ipse
1180 3715 1275 3764 tentavi
1304 3718 1328 3763 ri
1355 3717 1505 3763 atramentis

362 3795 395 3854 ἦν
411 3795 483 3860 αὐτῷ
499 3795 623 3852 πλούσιος
640 3796 665 3853 ἐς
679 3796 842 3862 ὑπερβολὴν,
853 3805 912 3863 Δρι-
954 3799 1054 3848 incubet
1071 3798 1156 3855 uiroc,
1173 3797 1239 3860 quod
1256 3794 1370 3859 proxime
1387 3794 1456 3843 abest
1472 3794 1503 3842 ab

344 3938 349 3945 ⁴
362 3875 443 3938 μύλος
468 3874 590 3939 τοῦνομα.
616 3874 692 3934 οὗτος
717 3879 769 3934 ζῶν
793 3879 840 3942 μὲν
857 3878 912 3928 οὐδὲ
955 3876 1020 3926 edito
1045 3879 1135 3926 unde.“
1168 3876 1221 3926 Nec
1245 3876 1309 3924 milri
1333 3876 1414 3939 placet
1440 3878 1506 3924 unde

363 3953 460 4015 ὀβολὸν
476 3952 604 4018 iiam-rui
620 3955 712 4019 Σίμωνι
731 3961 797 4014 ’πῶς
814 3956 913 4022 primic
954 3958 1087 4019 octoginta.
1121 3954 1149 4004 Si
1166 3956 1225 4018 quid
1242 3961 1291 4013 est,
1313 3956 1378 4018 quod
1396 3954 1504 4004 fidorum

365 4032 422 4082 οὐδὲ
439 4034 518 4091 αὐτὸς
534 4035 630 4094 ἥπτετο
647 4039 699 4085 τῶν
713 4036 858 4100 χρημάτων.
954 4033 1028 4082 metri
1052 4034 1154 4093 referat,
1180 4035 1226 4084 hoc
1250 4041 1294 4083 est.
1329 4035 1414 4084 Minus
1440 4035 1505 4084 illud

399 4115 474 4162 Nihil
498 4119 542 4162 ert.
576 4114 670 4162 Variae
695 4123 753 4164 sunt
779 4115 913 4173 formulae,
956 4113 1065 4162 cernitur
1088 4116 1115 4163 in
1139 4113 1251 4163 Iurenai.
1277 4114 1351 4164 Satir.
1376 4114 1425 4163 VI.
1450 4115 1504 4163 192.

363 4191 539 4254 corrigentium
564 4194 630 4255 quod
655 4194 749 4242 dictum
771 4202 809 4242 est
830 4195 913 4243 minus
959 4195 1029 4242 Tune
1049 4196 1125 4242 etiam
1147 4210 1221 4256 quom
1243 4200 1330 4243 aeoetns
1345 4199 1370 4242 et
1391 4196 1504 4256 octogesi-

364 4286 431 4321 vero.
465 4271 550 4321 Plaut.
567 4272 676 4322 Mostell.
692 4274 742 4324 IV.
760 4288 790 4323 11.
807 4275 848 4324 65.
867 4277 913 4323 Ni·
956 4289 1010 4321 rnm
1032 4288 1115 4321 onnus
1149 4276 1254 4330 Putant,
1281 4276 1363 4323 adiere
1392 4273 1508 4322 Graece?

364 4353 402 4400 til
418 4354 462 4402 hoe
478 4354 578 4415 quidem
594 4360 644 4411 est,
673 4356 794 4417 Triginta
817 4357 913 4418 minue,
955 4353 1115 4403 Conieceram
1133 4355 1204 4400 nitra
1221 4355 1347 4413 octoginta
1365 4366 1444 4400 annos
1461 4368 1504 4400 no-

364 4447 523 4494 praequam
540 4434 603 4482 alim
620 4436 731 4496 dapsiles
755 4441 854 4484 tumtur
868 4436 914 4499 fu·
956 4440 1005 4482 tna.
1040 4432 1089 4482 Sed
1111 4446 1171 4480 vero
1193 4430 1297 4479 similius
1318 4440 1356 4480 est
1372 4431 1505 4480 Horatium

363 4511 408 4559 cit.
432 4509 520 4560 Horat.
532 4512 558 4559 in
569 4511 616 4560 hac
628 4512 711 4562 Satira
722 4528 759 4561 vs.
770 4515 811 4563 69.
829 4515 915 4563 Scribe
955 4513 1048 4577 aliquid
1071 4512 1195 4560 addidisse
1215 4514 1376 4571 atramentis,
1401 4527 1451 4575 quo
1476 4513 1506 4561 si-

364 4591 446 4639 denem
471 4607 488 4638 a
506 4593 599 4641 Nerio:
625 4608 674 4642 non
698 4600 736 4642 eet
760 4596 825 4642 satia
851 4595 915 4642 udde
955 4593 1096 4657 gnificaret,
1109 4606 1140 4640 nc
1155 4591 1198 4639 illa
1210 4592 1307 4654 quidem
1321 4590 1394 4640 fuisse
1405 4593 1507 4654 optima,

367 4667 473 4718 Cicutae
501 4673 594 4721 Nodoai
611 4674 833 4729 tinnimentum,
847 4673 915 4721 mille
956 4674 998 4724 Sic
1023 4672 1117 4722 Seneca
1142 4673 1222 4735 Epist.
1249 4671 1309 4720 XX.
1349 4674 1430 4720 Ilium
1455 4675 1508 4721 aidi

365 4750 429 4796 mide
446 4754 556 4800 catenae.
590 4751 660 4812 Quae
672 4752 781 4800 imitatus
792 4759 828 4801 est
840 4751 913 4802 Clau·
955 4755 1062 4809 nudum,
1082 4753 1278 4814 quantominus
1295 4767 1369 4815 quom
1386 4759 1506 4802 tironien-
