<?xml version="1.0" encoding="UTF-8"?>
<!DOCTYPE html PUBLIC "-//W3C//DTD XHTML 1.0 Transitional//EN"
    "http://www.w3.org/TR/xhtml1/DTD/xhtml1-transitional.dtd">
<html xmlns="http://www.w3.org/1999/xhtml" xml:lang="en" lang="en">
 <head>
  <title>
</title>
<meta http-equiv="Content-Type" content="text/html;charset=utf-8" />
  <meta name='ocr-system' content='tesseract 3.04.00' />
  <meta name='ocr-capabilities' content='ocr_page ocr_carea ocr_par ocr_line ocrx_word'/>
</head>
<body>
  <div class='ocr_page' id='page_1' title='image "./qhoratiiflaccis00peergoog_0077.png"; bbox 0 0 3750 5759; ppageno 0'>
   <div class='ocr_carea' id='block_1_1' title="bbox 818 733 1074 800">
    <p class='ocr_par' dir='ltr' id='par_1_1' title="bbox 818 733 1074 800">
     <span class='ocr_line' id='line_1_1' title="bbox 818 733 1074 800; baseline 0 -2"><span class='ocrx_word' id='word_1_1' title='bbox 818 733 1004 799; x_wconf 83' lang='lat' dir='ltr'>LIBER</span> <span class='ocrx_word' id='word_1_2' title='bbox 1050 735 1074 800; x_wconf 89' lang='grc' dir='ltr'>Ι.</span> 
     </span>
    </p>
   </div>
   <div class='ocr_carea' id='block_1_2' title="bbox 407 922 1422 1631">
    <p class='ocr_par' dir='ltr' id='par_1_2' title="bbox 410 922 1179 1011">
     <span class='ocr_line' id='line_1_2' title="bbox 410 922 1179 1011; baseline 0.007 -25"><span class='ocrx_word' id='word_1_3' title='bbox 410 922 508 987; x_wconf 89' lang='lat' dir='ltr'>lratis</span> <span class='ocrx_word' id='word_1_4' title='bbox 533 929 700 988; x_wconf 84' lang='lat' dir='ltr'>exstructa</span> <span class='ocrx_word' id='word_1_5' title='bbox 724 923 815 989; x_wconf 82' lang='lat' dir='ltr'><strong>dedit</strong></span> <span class='ocrx_word' id='word_1_6' title='bbox 838 923 988 1010; x_wconf 87' lang='lat' dir='ltr'>risusque</span> <span class='ocrx_word' id='word_1_7' title='bbox 1012 925 1179 1011; x_wconf 85' lang='lat' dir='ltr'>iocosque,</span> 
     </span>
    </p>

    <p class='ocr_par' dir='ltr' id='par_1_3' title="bbox 410 1026 1303 1217">
     <span class='ocr_line' id='line_1_3' title="bbox 410 1026 1303 1113; baseline 0.002 -23"><span class='ocrx_word' id='word_1_8' title='bbox 410 1026 499 1091; x_wconf 90' lang='lat' dir='ltr'>Dum</span> <span class='ocrx_word' id='word_1_9' title='bbox 525 1027 660 1093; x_wconf 88' lang='lat' dir='ltr'>flamma</span> <span class='ocrx_word' id='word_1_10' title='bbox 684 1027 755 1093; x_wconf 90' lang='lat' dir='ltr'>sine</span> <span class='ocrx_word' id='word_1_11' title='bbox 779 1033 852 1093; x_wconf 91' lang='lat' dir='ltr'>tura</span> <span class='ocrx_word' id='word_1_12' title='bbox 875 1028 1053 1113; x_wconf 82' lang='lat' dir='ltr'>liquescere</span> <span class='ocrx_word' id='word_1_13' title='bbox 1075 1029 1190 1094; x_wconf 91' lang='lat' dir='ltr'>limine</span> <span class='ocrx_word' id='word_1_14' title='bbox 1214 1050 1303 1093; x_wconf 89' lang='lat' dir='ltr'>sacre</span> 
     </span>
     <span class='ocr_line' id='line_1_4' title="bbox 410 1130 1228 1217; baseline 0.004 -24"><span class='ocrx_word' id='word_1_15' title='bbox 410 1130 609 1196; x_wconf 81' lang='lat' dir='ltr'>Persuadere</span> <span class='ocrx_word' id='word_1_16' title='bbox 633 1131 733 1216; x_wconf 91' lang='lat' dir='ltr'>cupit.</span> <span class='ocrx_word' id='word_1_17' title='bbox 783 1130 903 1197; x_wconf 82' lang='lat' dir='ltr'>Credat</span> <span class='ocrx_word' id='word_1_18' title='bbox 928 1131 1067 1196; x_wconf 91' lang='lat' dir='ltr'>Iudaeus</span> <span class='ocrx_word' id='word_1_19' title='bbox 1091 1132 1228 1217; x_wconf 89' lang='lat' dir='ltr'>Apella,</span> 
     </span>
    </p>

    <p class='ocr_par' dir='ltr' id='par_1_4' title="bbox 408 1234 1422 1422">
     <span class='ocr_line' id='line_1_5' title="bbox 408 1234 1422 1321; baseline 0.002 -23"><span class='ocrx_word' id='word_1_20' title='bbox 408 1234 484 1298; x_wconf 89' lang='lat' dir='ltr'>Non</span> <span class='ocrx_word' id='word_1_21' title='bbox 505 1256 583 1319; x_wconf 86' lang='lat' dir='ltr'>ego3</span> <span class='ocrx_word' id='word_1_22' title='bbox 609 1256 751 1319; x_wconf 90' lang='lat' dir='ltr'>namque</span> <span class='ocrx_word' id='word_1_23' title='bbox 775 1234 852 1299; x_wconf 89' lang='lat' dir='ltr'>deos</span> <span class='ocrx_word' id='word_1_24' title='bbox 873 1234 975 1299; x_wconf 91' lang='lat' dir='ltr'>didici</span> <span class='ocrx_word' id='word_1_25' title='bbox 997 1257 1146 1300; x_wconf 90' lang='lat' dir='ltr'>securum</span> <span class='ocrx_word' id='word_1_26' title='bbox 1170 1256 1266 1321; x_wconf 83' lang='lat' dir='ltr'>agere</span> <span class='ocrx_word' id='word_1_27' title='bbox 1288 1256 1422 1318; x_wconf 81' lang='lat' dir='ltr'>aevum,</span> 
     </span>
     <span class='ocr_line' id='line_1_6' title="bbox 408 1337 1195 1422; baseline 0.001 -21"><span class='ocrx_word' id='word_1_28' title='bbox 408 1337 493 1420; x_wconf 86' lang='lat' dir='ltr'>Nec,</span> <span class='ocrx_word' id='word_1_29' title='bbox 518 1337 547 1401; x_wconf 89' lang='lat' dir='ltr'>si</span> <span class='ocrx_word' id='word_1_30' title='bbox 572 1337 651 1422; x_wconf 95' lang='lat' dir='ltr'>quid</span> <span class='ocrx_word' id='word_1_31' title='bbox 674 1337 749 1401; x_wconf 88' lang='lat' dir='ltr'>miri</span> <span class='ocrx_word' id='word_1_32' title='bbox 774 1337 876 1403; x_wconf 85' lang='lat' dir='ltr'>faciat</span> <span class='ocrx_word' id='word_1_33' title='bbox 898 1343 1035 1422; x_wconf 83' lang='lat' dir='ltr'>natura,</span> <span class='ocrx_word' id='word_1_34' title='bbox 1061 1339 1137 1404; x_wconf 88' lang='lat' dir='ltr'>deos</span> <span class='ocrx_word' id='word_1_35' title='bbox 1162 1338 1195 1403; x_wconf 95' lang='lat' dir='ltr'>id</span> 
     </span>
    </p>

    <p class='ocr_par' dir='ltr' id='par_1_5' title="bbox 408 1439 1108 1508">
     <span class='ocr_line' id='line_1_7' title="bbox 408 1439 1108 1508; baseline 0.006 -5"><span class='ocrx_word' id='word_1_36' title='bbox 408 1439 530 1506; x_wconf 81' lang='lat' dir='ltr'>Tristes</span> <span class='ocrx_word' id='word_1_37' title='bbox 555 1462 595 1505; x_wconf 87' lang='lat' dir='ltr'>ex</span> <span class='ocrx_word' id='word_1_38' title='bbox 619 1441 688 1505; x_wconf 89' lang='lat' dir='ltr'>alto</span> <span class='ocrx_word' id='word_1_39' title='bbox 711 1441 793 1506; x_wconf 92' lang='lat' dir='ltr'>coeli</span> <span class='ocrx_word' id='word_1_40' title='bbox 815 1441 989 1507; x_wconf 79' lang='lat' dir='ltr'>demittere</span> <span class='ocrx_word' id='word_1_41' title='bbox 1011 1447 1108 1508; x_wconf 88' lang='lat' dir='ltr'>tecte.</span> 
     </span>
    </p>

    <p class='ocr_par' dir='ltr' id='par_1_6' title="bbox 407 1542 1336 1631">
     <span class='ocr_line' id='line_1_8' title="bbox 407 1542 1336 1631; baseline 0.002 -24"><span class='ocrx_word' id='word_1_42' title='bbox 407 1542 634 1609; x_wconf 87' lang='lat' dir='ltr'>Brundusium</span> <span class='ocrx_word' id='word_1_43' title='bbox 658 1545 775 1630; x_wconf 85' lang='lat' dir='ltr'>longae</span> <span class='ocrx_word' id='word_1_44' title='bbox 798 1544 875 1610; x_wconf 89' lang='lat' dir='ltr'>finis</span> <span class='ocrx_word' id='word_1_45' title='bbox 900 1546 1096 1631; x_wconf 84' lang='lat' dir='ltr'>chartaeque</span> <span class='ocrx_word' id='word_1_46' title='bbox 1118 1545 1255 1630; x_wconf 89' lang='lat' dir='ltr'>viaeque</span> <span class='ocrx_word' id='word_1_47' title='bbox 1278 1549 1336 1610; x_wconf 84' lang='lat' dir='ltr'>est.</span> 
     </span>
    </p>
   </div>
   <div class='ocr_carea' id='block_1_3' title="bbox 355 1723 1506 2349">
    <p class='ocr_par' dir='ltr' id='par_1_7' title="bbox 355 1723 1506 2270">
     <span class='ocr_line' id='line_1_9' title="bbox 355 1723 1506 1790; baseline 0 -18"><span class='ocrx_word' id='word_1_48' title='bbox 355 1723 428 1786; x_wconf 82' lang='lat' dir='ltr'>facio</span> <span class='ocrx_word' id='word_1_49' title='bbox 445 1727 527 1775; x_wconf 82' lang='lat' dir='ltr'>lucri:</span> <span class='ocrx_word' id='word_1_50' title='bbox 544 1733 574 1775; x_wconf 82' lang='grc' dir='ltr'>ιιι</span> <span class='ocrx_word' id='word_1_51' title='bbox 592 1730 768 1777; x_wconf 74' lang='lat' dir='ltr'>Praenestinis</span> <span class='ocrx_word' id='word_1_52' title='bbox 787 1729 859 1777; x_wconf 85' lang='lat' dir='ltr'>cosio</span> <span class='ocrx_word' id='word_1_53' title='bbox 876 1732 914 1777; x_wconf 84' lang='lat' dir='ltr'>eat</span> <span class='ocrx_word' id='word_1_54' title='bbox 932 1729 934 1750; x_wconf 87' lang='lat'><strong>¹</strong></span> <span class='ocrx_word' id='word_1_55' title='bbox 953 1730 1008 1776; x_wconf 84' lang='lat' dir='ltr'>risa</span> <span class='ocrx_word' id='word_1_56' title='bbox 1027 1730 1165 1790; x_wconf 83' lang='lat' dir='ltr'>Delapsam</span> <span class='ocrx_word' id='word_1_57' title='bbox 1182 1729 1210 1774; x_wconf 85' lang='lat' dir='ltr'>ia</span> <span class='ocrx_word' id='word_1_58' title='bbox 1227 1728 1322 1776; x_wconf 85' lang='lat' dir='ltr'>cineres</span> <span class='ocrx_word' id='word_1_59' title='bbox 1332 1725 1427 1787; x_wconf 73' lang='lat' dir='ltr'>faceia.</span> <span class='ocrx_word' id='word_1_60' title='bbox 1453 1724 1506 1773; x_wconf 89' lang='lat' dir='ltr'>Ubi</span> 
     </span>
     <span class='ocr_line' id='line_1_10' title="bbox 361 1804 1504 1871; baseline 0.002 -20"><span class='ocrx_word' id='word_1_61' title='bbox 361 1804 463 1853; x_wconf 69' lang='lat' dir='ltr'>sicema</span> <span class='ocrx_word' id='word_1_62' title='bbox 497 1805 537 1854; x_wconf 93' lang='lat' dir='ltr'>Ibi</span> <span class='ocrx_word' id='word_1_63' title='bbox 554 1805 646 1869; x_wconf 86' lang='lat' dir='ltr'>legitur</span> <span class='ocrx_word' id='word_1_64' title='bbox 658 1807 784 1855; x_wconf 89' lang='lat' dir='ltr'>annotatio</span> <span class='ocrx_word' id='word_1_65' title='bbox 794 1806 913 1856; x_wconf 89' lang='lat' dir='ltr'>Meursii:</span> <span class='ocrx_word' id='word_1_66' title='bbox 955 1807 1004 1856; x_wconf 89' lang='lat' dir='ltr'>tale</span> <span class='ocrx_word' id='word_1_67' title='bbox 1021 1808 1115 1871; x_wconf 90' lang='lat' dir='ltr'>aliquid</span> <span class='ocrx_word' id='word_1_68' title='bbox 1133 1808 1159 1855; x_wconf 89' lang='lat' dir='ltr'>in</span> <span class='ocrx_word' id='word_1_69' title='bbox 1177 1807 1299 1870; x_wconf 84' lang='lat' dir='ltr'>Egnatia,</span> <span class='ocrx_word' id='word_1_70' title='bbox 1316 1806 1382 1869; x_wconf 89' lang='lat' dir='ltr'>quod</span> <span class='ocrx_word' id='word_1_71' title='bbox 1398 1805 1504 1854; x_wconf 88' lang='lat' dir='ltr'>Horatio</span> 
     </span>
     <span class='ocr_line' id='line_1_11' title="bbox 363 1882 1503 1950; baseline 0.002 -21"><span class='ocrx_word' id='word_1_72' title='bbox 363 1882 464 1939; x_wconf 82' lang='lat' dir='ltr'>„Taxat</span> <span class='ocrx_word' id='word_1_73' title='bbox 491 1885 680 1943; x_wconf 88' lang='lat' dir='ltr'>Praenestinos,</span> <span class='ocrx_word' id='word_1_74' title='bbox 707 1892 735 1933; x_wconf 92' lang='lat' dir='ltr'>ut</span> <span class='ocrx_word' id='word_1_75' title='bbox 757 1886 823 1935; x_wconf 88' lang='lat' dir='ltr'>male</span> <span class='ocrx_word' id='word_1_76' title='bbox 844 1885 914 1935; x_wconf 88' lang='lat' dir='ltr'>Lati·</span> <span class='ocrx_word' id='word_1_77' title='bbox 955 1895 980 1936; x_wconf 90' lang='lat' dir='ltr'>et</span> <span class='ocrx_word' id='word_1_78' title='bbox 999 1886 1128 1936; x_wconf 80' lang='lat' dir='ltr'>comitibus</span> <span class='ocrx_word' id='word_1_79' title='bbox 1150 1888 1220 1935; x_wconf 81' lang='lat' dir='ltr'>dedit</span> <span class='ocrx_word' id='word_1_80' title='bbox 1242 1887 1357 1950; x_wconf 77' lang='lat' dir='ltr'>risusque</span> <span class='ocrx_word' id='word_1_81' title='bbox 1373 1886 1503 1947; x_wconf 66' lang='lat' dir='ltr'>meosque?</span> 
     </span>
     <span class='ocr_line' id='line_1_12' title="bbox 362 1964 1506 2030; baseline 0.001 -19"><span class='ocrx_word' id='word_1_82' title='bbox 362 1976 414 2011; x_wconf 91' lang='lat' dir='ltr'>nos.</span> <span class='ocrx_word' id='word_1_83' title='bbox 449 1964 525 2012; x_wconf 87' lang='lat' dir='ltr'>Talia</span> <span class='ocrx_word' id='word_1_84' title='bbox 545 1971 606 2013; x_wconf 89' lang='lat' dir='ltr'>sunt</span> <span class='ocrx_word' id='word_1_85' title='bbox 627 1965 706 2029; x_wconf 81' lang='lat' dir='ltr'>Syria</span> <span class='ocrx_word' id='word_1_86' title='bbox 730 1981 776 2029; x_wconf 91' lang='lat' dir='ltr'>pro</span> <span class='ocrx_word' id='word_1_87' title='bbox 793 1966 913 2029; x_wconf 83' lang='lat' dir='ltr'>Assyria,</span> <span class='ocrx_word' id='word_1_88' title='bbox 954 1967 1065 2029; x_wconf 79' lang='lat' dir='ltr'>Egnatia</span> <span class='ocrx_word' id='word_1_89' title='bbox 1086 1967 1154 2030; x_wconf 88' lang='lat' dir='ltr'>cupit</span> <span class='ocrx_word' id='word_1_90' title='bbox 1174 1967 1321 2029; x_wconf 86' lang='lat' dir='ltr'>persuadere</span> <span class='ocrx_word' id='word_1_91' title='bbox 1342 1979 1430 2014; x_wconf 85' lang='lat' dir='ltr'>verum</span> <span class='ocrx_word' id='word_1_92' title='bbox 1453 1979 1506 2013; x_wconf 87' lang='lat' dir='ltr'>esse</span> 
     </span>
     <span class='ocr_line' id='line_1_13' title="bbox 363 2043 1504 2107; baseline 0.001 -17"><span class='ocrx_word' id='word_1_93' title='bbox 363 2043 461 2104; x_wconf 83' lang='lat' dir='ltr'>Spania</span> <span class='ocrx_word' id='word_1_94' title='bbox 479 2058 524 2107; x_wconf 93' lang='lat' dir='ltr'>pro</span> <span class='ocrx_word' id='word_1_95' title='bbox 542 2046 686 2106; x_wconf 79' lang='lat' dir='ltr'>Hispania,</span> <span class='ocrx_word' id='word_1_96' title='bbox 704 2053 731 2094; x_wconf 90' lang='lat' dir='ltr'>ut</span> <span class='ocrx_word' id='word_1_97' title='bbox 747 2045 864 2094; x_wconf 85' lang='lat' dir='ltr'>discimus</span> <span class='ocrx_word' id='word_1_98' title='bbox 882 2061 914 2094; x_wconf 88' lang='lat' dir='ltr'>ex</span> <span class='ocrx_word' id='word_1_99' title='bbox 954 2045 1115 2102; x_wconf 81' lang='lat' dir='ltr'>miraculum,</span> <span class='ocrx_word' id='word_1_100' title='bbox 1131 2045 1251 2094; x_wconf 82' lang='lat' dir='ltr'>Horatius</span> <span class='ocrx_word' id='word_1_101' title='bbox 1268 2059 1318 2093; x_wconf 89' lang='lat' dir='ltr'>non</span> <span class='ocrx_word' id='word_1_102' title='bbox 1335 2044 1425 2103; x_wconf 90' lang='lat' dir='ltr'>credit,</span> <span class='ocrx_word' id='word_1_103' title='bbox 1446 2045 1504 2106; x_wconf 89' lang='lat' dir='ltr'>quia</span> 
     </span>
     <span class='ocr_line' id='line_1_14' title="bbox 363 2120 1504 2185; baseline 0 -14"><span class='ocrx_word' id='word_1_104' title='bbox 363 2120 467 2185; x_wconf 82' lang='lat' dir='ltr'>Capella</span> <span class='ocrx_word' id='word_1_105' title='bbox 489 2130 514 2172; x_wconf 91' lang='lat' dir='ltr'>et</span> <span class='ocrx_word' id='word_1_106' title='bbox 535 2123 677 2182; x_wconf 84' lang='lat' dir='ltr'>Glossarie,</span> <span class='ocrx_word' id='word_1_107' title='bbox 694 2122 815 2174; x_wconf 74' lang='lat' dir='ltr'>siricicius</span> <span class='ocrx_word' id='word_1_108' title='bbox 831 2125 913 2174; x_wconf 84' lang='lat' dir='ltr'>Arno-</span> <span class='ocrx_word' id='word_1_109' title='bbox 955 2125 1073 2174; x_wconf 87' lang='lat' dir='ltr'>didicerat</span> <span class='ocrx_word' id='word_1_110' title='bbox 1095 2127 1162 2175; x_wconf 88' lang='lat' dir='ltr'>Deos</span> <span class='ocrx_word' id='word_1_111' title='bbox 1184 2140 1235 2174; x_wconf 90' lang='lat' dir='ltr'>non</span> <span class='ocrx_word' id='word_1_112' title='bbox 1256 2139 1357 2183; x_wconf 88' lang='lat' dir='ltr'>curare,</span> <span class='ocrx_word' id='word_1_113' title='bbox 1375 2124 1396 2172; x_wconf 86' lang='lat' dir='ltr'>si</span> <span class='ocrx_word' id='word_1_114' title='bbox 1413 2130 1504 2172; x_wconf 89' lang='lat' dir='ltr'>natura</span> 
     </span>
     <span class='ocr_line' id='line_1_15' title="bbox 360 2201 1494 2270; baseline 0.002 -20"><span class='ocrx_word' id='word_1_115' title='bbox 360 2201 414 2261; x_wconf 89' lang='lat' dir='ltr'>bio,</span> <span class='ocrx_word' id='word_1_116' title='bbox 432 2201 583 2253; x_wconf 78' lang='lat' dir='ltr'>histriculae</span> <span class='ocrx_word' id='word_1_117' title='bbox 600 2203 781 2253; x_wconf 84' lang='lat' dir='ltr'>Tertulliano.“</span> <span class='ocrx_word' id='word_1_118' title='bbox 954 2207 1014 2270; x_wconf 86' lang='lat' dir='ltr'>quid</span> <span class='ocrx_word' id='word_1_119' title='bbox 1036 2207 1093 2255; x_wconf 88' lang='lat' dir='ltr'>miri</span> <span class='ocrx_word' id='word_1_120' title='bbox 1115 2206 1213 2255; x_wconf 82' lang='lat' dir='ltr'>faceret.</span> <span class='ocrx_word' id='word_1_121' title='bbox 1248 2205 1290 2256; x_wconf 88' lang='lat' dir='ltr'>Sic</span> <span class='ocrx_word' id='word_1_122' title='bbox 1312 2205 1386 2253; x_wconf 87' lang='lat' dir='ltr'>fidem</span> <span class='ocrx_word' id='word_1_123' title='bbox 1409 2204 1494 2267; x_wconf 86' lang='lat' dir='ltr'>simpli</span> 
     </span>
    </p>

    <p class='ocr_par' dir='ltr' id='par_1_8' title="bbox 393 2283 1503 2349">
     <span class='ocr_line' id='line_1_16' title="bbox 393 2283 1503 2349; baseline 0.001 -19"><span class='ocrx_word' id='word_1_124' title='bbox 393 2283 518 2345; x_wconf 78' lang='lat' dir='ltr'>Lymphis</span> <span class='ocrx_word' id='word_1_125' title='bbox 544 2285 630 2333; x_wconf 82' lang='lat' dir='ltr'>iratis.</span> <span class='ocrx_word' id='word_1_126' title='bbox 668 2283 833 2334; x_wconf 74' lang='lat' dir='ltr'>scribendum</span> <span class='ocrx_word' id='word_1_127' title='bbox 853 2293 913 2349; x_wconf 89' lang='lat' dir='ltr'>puto</span> <span class='ocrx_word' id='word_1_128' title='bbox 954 2288 1015 2334; x_wconf 90' lang='lat' dir='ltr'>citer</span> <span class='ocrx_word' id='word_1_129' title='bbox 1036 2286 1150 2349; x_wconf 81' lang='lat' dir='ltr'>negabat.</span> <span class='ocrx_word' id='word_1_130' title='bbox 1185 2286 1240 2334; x_wconf 85' lang='lat' dir='ltr'>Iam</span> <span class='ocrx_word' id='word_1_131' title='bbox 1263 2286 1374 2348; x_wconf 82' lang='lat' dir='ltr'>Egnatia</span> <span class='ocrx_word' id='word_1_132' title='bbox 1394 2289 1432 2333; x_wconf 89' lang='lat' dir='ltr'>est</span> <span class='ocrx_word' id='word_1_133' title='bbox 1453 2297 1503 2331; x_wconf 87' lang='lat' dir='ltr'>orn·</span> 
     </span>
    </p>
   </div>
   <div class='ocr_carea' id='block_1_4' title="bbox 358 2361 913 2904">
    <p class='ocr_par' dir='ltr' id='par_1_9' title="bbox 358 2361 913 2904">
     <span class='ocr_line' id='line_1_17' title="bbox 361 2361 912 2427; baseline 0.007 -21"><span class='ocrx_word' id='word_1_134' title='bbox 361 2361 497 2423; x_wconf 78' lang='lat' dir='ltr'>Nymphis.</span> <span class='ocrx_word' id='word_1_135' title='bbox 525 2361 657 2410; x_wconf 87' lang='lat' dir='ltr'>Vocabuls</span> <span class='ocrx_word' id='word_1_136' title='bbox 669 2365 787 2426; x_wconf 81' lang='lat' dir='ltr'>lymphae</span> <span class='ocrx_word' id='word_1_137' title='bbox 798 2371 823 2412; x_wconf 89' lang='lat' dir='ltr'>et</span> <span class='ocrx_word' id='word_1_138' title='bbox 834 2366 912 2427; x_wconf 81' lang='lat' dir='ltr'>Nym-</span> 
     </span>
     <span class='ocr_line' id='line_1_18' title="bbox 358 2441 911 2506; baseline 0.005 -16"><span class='ocrx_word' id='word_1_139' title='bbox 358 2444 425 2504; x_wconf 77' lang='lat' dir='ltr'>phae</span> <span class='ocrx_word' id='word_1_140' title='bbox 450 2441 541 2506; x_wconf 91' lang='lat' dir='ltr'>ubique</span> <span class='ocrx_word' id='word_1_141' title='bbox 566 2443 761 2493; x_wconf 87' lang='lat' dir='ltr'>confunduntur.</span> <span class='ocrx_word' id='word_1_142' title='bbox 788 2459 812 2494; x_wconf 83' lang='lat' dir='ltr'>v.</span> <span class='ocrx_word' id='word_1_143' title='bbox 834 2447 911 2495; x_wconf 88' lang='lat' dir='ltr'>Bent-</span> 
     </span>
     <span class='ocr_line' id='line_1_19' title="bbox 359 2520 910 2574; baseline 0.011 -6"><span class='ocrx_word' id='word_1_144' title='bbox 359 2520 436 2570; x_wconf 89' lang='lat' dir='ltr'>leium</span> <span class='ocrx_word' id='word_1_145' title='bbox 458 2523 491 2570; x_wconf 88' lang='lat' dir='ltr'>ad</span> <span class='ocrx_word' id='word_1_146' title='bbox 512 2523 600 2572; x_wconf 87' lang='lat' dir='ltr'>Horat.</span> <span class='ocrx_word' id='word_1_147' title='bbox 617 2523 702 2574; x_wconf 75' lang='lat' dir='ltr'>Carni.</span> <span class='ocrx_word' id='word_1_148' title='bbox 719 2525 773 2573; x_wconf 87' lang='lat'>111.</span> <span class='ocrx_word' id='word_1_149' title='bbox 791 2539 852 2573; x_wconf 79' lang='lat'>1111.</span> <span class='ocrx_word' id='word_1_150' title='bbox 872 2526 910 2574; x_wconf 78' lang='lat' dir='ltr'>lt.</span> 
     </span>
     <span class='ocr_line' id='line_1_20' title="bbox 360 2601 910 2653; baseline 0.005 -3"><span class='ocrx_word' id='word_1_151' title='bbox 360 2601 506 2650; x_wconf 85' lang='lat' dir='ltr'>Markland.</span> <span class='ocrx_word' id='word_1_152' title='bbox 532 2604 564 2650; x_wconf 89' lang='lat' dir='ltr'>ad</span> <span class='ocrx_word' id='word_1_153' title='bbox 585 2602 660 2652; x_wconf 84' lang='lat' dir='ltr'>Statii</span> <span class='ocrx_word' id='word_1_154' title='bbox 683 2602 745 2652; x_wconf 85' lang='lat' dir='ltr'>Silv.</span> <span class='ocrx_word' id='word_1_155' title='bbox 770 2603 791 2652; x_wconf 90' lang='grc' dir='ltr'>Ι.</span> <span class='ocrx_word' id='word_1_156' title='bbox 810 2618 851 2653; x_wconf 89' lang='grc' dir='ltr'>ιιι.</span> <span class='ocrx_word' id='word_1_157' title='bbox 869 2605 910 2653; x_wconf 81' lang='grc'>65.</span> 
     </span>
     <span class='ocr_line' id='line_1_21' title="bbox 363 2679 910 2745; baseline 0.007 -17"><span class='ocrx_word' id='word_1_158' title='bbox 363 2680 394 2728; x_wconf 86' lang='grc' dir='ltr'>Ιιι</span> <span class='ocrx_word' id='word_1_159' title='bbox 420 2679 552 2730; x_wconf 88' lang='lat' dir='ltr'>iudicanda</span> <span class='ocrx_word' id='word_1_160' title='bbox 576 2696 636 2730; x_wconf 80' lang='lat' dir='ltr'>vera</span> <span class='ocrx_word' id='word_1_161' title='bbox 662 2683 785 2745; x_wconf 87' lang='lat' dir='ltr'>scriptura</span> <span class='ocrx_word' id='word_1_162' title='bbox 801 2684 910 2733; x_wconf 89' lang='lat' dir='ltr'>conside·</span> 
     </span>
     <span class='ocr_line' id='line_1_22' title="bbox 359 2761 911 2825; baseline 0.002 -17"><span class='ocrx_word' id='word_1_163' title='bbox 359 2761 479 2820; x_wconf 87' lang='lat' dir='ltr'>randum,</span> <span class='ocrx_word' id='word_1_164' title='bbox 495 2768 553 2809; x_wconf 89' lang='lat' dir='ltr'>utra</span> <span class='ocrx_word' id='word_1_165' title='bbox 563 2761 599 2809; x_wconf 91' lang='lat' dir='ltr'>rei</span> <span class='ocrx_word' id='word_1_166' title='bbox 611 2761 750 2824; x_wconf 79' lang='lat' dir='ltr'>propositae</span> <span class='ocrx_word' id='word_1_167' title='bbox 761 2761 842 2825; x_wconf 81' lang='lat' dir='ltr'>magis</span> <span class='ocrx_word' id='word_1_168' title='bbox 854 2776 911 2810; x_wconf 91' lang='lat' dir='ltr'>con·</span> 
     </span>
     <span class='ocr_line' id='line_1_23' title="bbox 360 2840 913 2904; baseline 0.009 -19"><span class='ocrx_word' id='word_1_169' title='bbox 360 2840 450 2888; x_wconf 86' lang='lat' dir='ltr'>veniat.</span> <span class='ocrx_word' id='word_1_170' title='bbox 484 2841 534 2889; x_wconf 90' lang='lat' dir='ltr'>Hic</span> <span class='ocrx_word' id='word_1_171' title='bbox 554 2842 635 2904; x_wconf 88' lang='lat' dir='ltr'>magis</span> <span class='ocrx_word' id='word_1_172' title='bbox 652 2842 767 2890; x_wconf 85' lang='lat' dir='ltr'>convenit</span> <span class='ocrx_word' id='word_1_173' title='bbox 785 2843 913 2904; x_wconf 77' lang='lat' dir='ltr'>Nymphis</span> 
     </span>
    </p>
   </div>
   <div class='ocr_carea' id='block_1_5' title="bbox 952 2363 1512 2904">
    <p class='ocr_par' dir='ltr' id='par_1_10' title="bbox 952 2363 1505 2824">
     <span class='ocr_line' id='line_1_24' title="bbox 953 2363 1505 2428; baseline -0.007 -13"><span class='ocrx_word' id='word_1_174' title='bbox 953 2367 1004 2425; x_wconf 91' lang='lat' dir='ltr'>nis,</span> <span class='ocrx_word' id='word_1_175' title='bbox 1026 2373 1078 2415; x_wconf 86' lang='lat' dir='ltr'>teta</span> <span class='ocrx_word' id='word_1_176' title='bbox 1098 2365 1216 2428; x_wconf 79' lang='lat' dir='ltr'>Egnatia.</span> <span class='ocrx_word' id='word_1_177' title='bbox 1253 2365 1328 2414; x_wconf 85' lang='lat' dir='ltr'>Unde</span> <span class='ocrx_word' id='word_1_178' title='bbox 1348 2371 1400 2413; x_wconf 88' lang='lat' dir='ltr'>tarn</span> <span class='ocrx_word' id='word_1_179' title='bbox 1423 2363 1505 2412; x_wconf 86' lang='lat' dir='ltr'>subito</span> 
     </span>
     <span class='ocr_line' id='line_1_25' title="bbox 952 2443 1503 2506; baseline -0.005 -13"><span class='ocrx_word' id='word_1_180' title='bbox 952 2452 1022 2493; x_wconf 84' lang='lat' dir='ltr'>tanta</span> <span class='ocrx_word' id='word_1_181' title='bbox 1038 2444 1173 2494; x_wconf 90' lang='lat' dir='ltr'>multitudo</span> <span class='ocrx_word' id='word_1_182' title='bbox 1188 2444 1321 2502; x_wconf 87' lang='lat' dir='ltr'>confluxit,</span> <span class='ocrx_word' id='word_1_183' title='bbox 1341 2458 1406 2506; x_wconf 88' lang='lat' dir='ltr'>quae</span> <span class='ocrx_word' id='word_1_184' title='bbox 1423 2443 1503 2491; x_wconf 89' lang='lat' dir='ltr'>Hora-</span> 
     </span>
     <span class='ocr_line' id='line_1_26' title="bbox 952 2521 1504 2588; baseline -0.005 -15"><span class='ocrx_word' id='word_1_185' title='bbox 952 2525 988 2573; x_wconf 89' lang='lat' dir='ltr'>tio</span> <span class='ocrx_word' id='word_1_186' title='bbox 1009 2521 1157 2588; x_wconf 85' lang='lat' dir='ltr'>persuadere</span> <span class='ocrx_word' id='word_1_187' title='bbox 1177 2525 1294 2587; x_wconf 80' lang='lat' dir='ltr'>cuperet?</span> <span class='ocrx_word' id='word_1_188' title='bbox 1327 2523 1421 2572; x_wconf 90' lang='lat' dir='ltr'>Melius</span> <span class='ocrx_word' id='word_1_189' title='bbox 1438 2531 1504 2571; x_wconf 87' lang='lat' dir='ltr'>certe</span> 
     </span>
     <span class='ocr_line' id='line_1_27' title="bbox 953 2602 1504 2666; baseline -0.002 -15"><span class='ocrx_word' id='word_1_190' title='bbox 953 2610 1007 2651; x_wconf 89' lang='lat' dir='ltr'>erat</span> <span class='ocrx_word' id='word_1_191' title='bbox 1026 2605 1142 2666; x_wconf 81' lang='lat' dir='ltr'>Eynotia</span> <span class='ocrx_word' id='word_1_192' title='bbox 1159 2606 1252 2659; x_wconf 80' lang='lat' dir='ltr'>credit,</span> <span class='ocrx_word' id='word_1_193' title='bbox 1278 2608 1306 2650; x_wconf 92' lang='lat' dir='ltr'>ut</span> <span class='ocrx_word' id='word_1_194' title='bbox 1329 2602 1355 2649; x_wconf 93' lang='lat' dir='ltr'>in</span> <span class='ocrx_word' id='word_1_195' title='bbox 1371 2602 1451 2665; x_wconf 89' lang='lat' dir='ltr'>Epod.</span> <span class='ocrx_word' id='word_1_196' title='bbox 1468 2603 1504 2650; x_wconf 88' lang='lat' dir='ltr'>V.</span> 
     </span>
     <span class='ocr_line' id='line_1_28' title="bbox 952 2683 1503 2744; baseline 0 -14"><span class='ocrx_word' id='word_1_197' title='bbox 952 2683 993 2732; x_wconf 83' lang='lat'>48.</span> <span class='ocrx_word' id='word_1_198' title='bbox 1022 2685 1061 2730; x_wconf 85' lang='lat' dir='ltr'>Et</span> <span class='ocrx_word' id='word_1_199' title='bbox 1082 2684 1162 2731; x_wconf 82' lang='lat' dir='ltr'>otiosa</span> <span class='ocrx_word' id='word_1_200' title='bbox 1184 2685 1292 2732; x_wconf 82' lang='lat' dir='ltr'>credidit</span> <span class='ocrx_word' id='word_1_201' title='bbox 1313 2684 1437 2744; x_wconf 83' lang='lat' dir='ltr'>Neapolis</span> <span class='ocrx_word' id='word_1_202' title='bbox 1464 2685 1503 2730; x_wconf 83' lang='lat' dir='ltr'>Et</span> 
     </span>
     <span class='ocr_line' id='line_1_29' title="bbox 952 2752 1326 2824; baseline -0.005 -14"><span class='ocrx_word' id='word_1_203' title='bbox 952 2776 1023 2810; x_wconf 82' lang='lat' dir='ltr'>omne</span> <span class='ocrx_word' id='word_1_204' title='bbox 1038 2763 1147 2810; x_wconf 81' lang='lat' dir='ltr'>cicinum</span> <span class='ocrx_word' id='word_1_205' title='bbox 1164 2762 1290 2824; x_wconf 81' lang='lat' dir='ltr'>oppidum.</span> <span class='ocrx_word' id='word_1_206' title='bbox 1324 2752 1326 2756; x_wconf 45' lang='lat'>¹</span> 
     </span>
    </p>

    <p class='ocr_par' dir='ltr' id='par_1_11' title="bbox 985 2841 1512 2904">
     <span class='ocr_line' id='line_1_30' title="bbox 985 2841 1512 2904; baseline 0.004 -16"><span class='ocrx_word' id='word_1_207' title='bbox 985 2841 1118 2889; x_wconf 85' lang='lat' dir='ltr'>Horatium</span> <span class='ocrx_word' id='word_1_208' title='bbox 1143 2841 1270 2904; x_wconf 89' lang='lat' dir='ltr'>scripsisse</span> <span class='ocrx_word' id='word_1_209' title='bbox 1293 2848 1366 2904; x_wconf 83' lang='lat' dir='ltr'>puto:</span> <span class='ocrx_word' id='word_1_210' title='bbox 1393 2843 1512 2890; x_wconf 69' lang='lat' dir='ltr'>Persea,</span> 
     </span>
    </p>
   </div>
   <div class='ocr_carea' id='block_1_6' title="bbox 359 2919 1568 4818">
    <p class='ocr_par' dir='ltr' id='par_1_12' title="bbox 359 2919 1503 3142">
     <span class='ocr_line' id='line_1_31' title="bbox 361 2919 1502 2983; baseline 0.001 -18"><span class='ocrx_word' id='word_1_211' title='bbox 361 2920 436 2967; x_wconf 81' lang='lat' dir='ltr'>iretis</span> <span class='ocrx_word' id='word_1_212' title='bbox 462 2926 608 2969; x_wconf 82' lang='lat' dir='ltr'>constructo</span> <span class='ocrx_word' id='word_1_213' title='bbox 635 2922 763 2983; x_wconf 75' lang='lat' dir='ltr'>Ephesia,</span> <span class='ocrx_word' id='word_1_214' title='bbox 790 2921 837 2968; x_wconf 90' lang='lat' dir='ltr'>hoc</span> <span class='ocrx_word' id='word_1_215' title='bbox 861 2928 910 2981; x_wconf 87' lang='lat' dir='ltr'>est,</span> <span class='ocrx_word' id='word_1_216' title='bbox 952 2920 1009 2967; x_wconf 87' lang='lat' dir='ltr'>dere</span> <span class='ocrx_word' id='word_1_217' title='bbox 1025 2921 1096 2983; x_wconf 84' lang='lat' dir='ltr'>capit</span> <span class='ocrx_word' id='word_1_218' title='bbox 1112 2923 1200 2969; x_wconf 74' lang='lat' dir='ltr'>cresim</span> <span class='ocrx_word' id='word_1_219' title='bbox 1216 2920 1331 2968; x_wconf 81' lang='lat' dir='ltr'>Iudaeus</span> <span class='ocrx_word' id='word_1_220' title='bbox 1345 2921 1445 2981; x_wconf 81' lang='lat' dir='ltr'>Apella.</span> <span class='ocrx_word' id='word_1_221' title='bbox 1471 2919 1502 2966; x_wconf 88' lang='lat'>111</span> 
     </span>
     <span class='ocr_line' id='line_1_32' title="bbox 359 2998 1503 3062; baseline 0 -15"><span class='ocrx_word' id='word_1_222' title='bbox 359 2998 485 3062; x_wconf 88' lang='lat' dir='ltr'>Nymphis</span> <span class='ocrx_word' id='word_1_223' title='bbox 511 2999 613 3048; x_wconf 89' lang='lat' dir='ltr'>Deabus</span> <span class='ocrx_word' id='word_1_224' title='bbox 639 2999 722 3058; x_wconf 88' lang='lat' dir='ltr'>iratis,</span> <span class='ocrx_word' id='word_1_225' title='bbox 748 3008 777 3048; x_wconf 89' lang='lat' dir='ltr'>ut</span> <span class='ocrx_word' id='word_1_226' title='bbox 801 3001 827 3049; x_wconf 90' lang='lat' dir='ltr'>in</span> <span class='ocrx_word' id='word_1_227' title='bbox 852 3009 911 3051; x_wconf 91' lang='lat' dir='ltr'>nota</span> <span class='ocrx_word' id='word_1_228' title='bbox 951 2999 1042 3062; x_wconf 89' lang='lat' dir='ltr'>oppido</span> <span class='ocrx_word' id='word_1_229' title='bbox 1058 3000 1182 3062; x_wconf 84' lang='lat' dir='ltr'>Egnatiae</span> <span class='ocrx_word' id='word_1_230' title='bbox 1198 2999 1324 3048; x_wconf 89' lang='lat' dir='ltr'>habitabat</span> <span class='ocrx_word' id='word_1_231' title='bbox 1336 2999 1443 3047; x_wconf 89' lang='lat' dir='ltr'>Iudaeus</span> <span class='ocrx_word' id='word_1_232' title='bbox 1460 3013 1503 3047; x_wconf 92' lang='lat' dir='ltr'>no-</span> 
     </span>
     <span class='ocr_line' id='line_1_33' title="bbox 359 3078 1502 3142; baseline 0.002 -17"><span class='ocrx_word' id='word_1_233' title='bbox 359 3078 467 3127; x_wconf 87' lang='lat' dir='ltr'>formnla</span> <span class='ocrx_word' id='word_1_234' title='bbox 484 3086 563 3128; x_wconf 82' lang='lat' dir='ltr'>notas</span> <span class='ocrx_word' id='word_1_235' title='bbox 581 3081 631 3128; x_wconf 84' lang='lat' dir='ltr'>Dis</span> <span class='ocrx_word' id='word_1_236' title='bbox 647 3081 733 3128; x_wconf 82' lang='lat' dir='ltr'>iratis.</span> <span class='ocrx_word' id='word_1_237' title='bbox 951 3079 1019 3128; x_wconf 90' lang='lat' dir='ltr'>mine</span> <span class='ocrx_word' id='word_1_238' title='bbox 1042 3082 1143 3142; x_wconf 79' lang='lat' dir='ltr'>Apella.</span> <span class='ocrx_word' id='word_1_239' title='bbox 1176 3081 1225 3128; x_wconf 90' lang='lat' dir='ltr'>Hic</span> <span class='ocrx_word' id='word_1_240' title='bbox 1250 3079 1389 3142; x_wconf 86' lang='lat' dir='ltr'>peregrinis</span> <span class='ocrx_word' id='word_1_241' title='bbox 1411 3094 1502 3128; x_wconf 87' lang='lat' dir='ltr'>saxum</span> 
     </span>
    </p>

    <p class='ocr_par' dir='ltr' id='par_1_13' title="bbox 359 3158 1568 4818">
     <span class='ocr_line' id='line_1_34' title="bbox 392 3158 1502 3223; baseline 0.002 -17"><span class='ocrx_word' id='word_1_242' title='bbox 392 3161 552 3208; x_wconf 81' lang='lat' dir='ltr'>Persuadere</span> <span class='ocrx_word' id='word_1_243' title='bbox 568 3161 647 3221; x_wconf 81' lang='lat' dir='ltr'>cupit.</span> <span class='ocrx_word' id='word_1_244' title='bbox 683 3158 780 3208; x_wconf 78' lang='lat' dir='ltr'>Credat</span> <span class='ocrx_word' id='word_1_245' title='bbox 800 3162 911 3210; x_wconf 70' lang='lat' dir='ltr'>lauaem</span> <span class='ocrx_word' id='word_1_246' title='bbox 952 3159 1118 3218; x_wconf 79' lang='lat' dir='ltr'>monstrabat,</span> <span class='ocrx_word' id='word_1_247' title='bbox 1134 3159 1161 3207; x_wconf 93' lang='lat' dir='ltr'>in</span> <span class='ocrx_word' id='word_1_248' title='bbox 1178 3174 1227 3223; x_wconf 90' lang='lat' dir='ltr'>quo</span> <span class='ocrx_word' id='word_1_249' title='bbox 1243 3166 1284 3208; x_wconf 91' lang='lat' dir='ltr'>tus</span> <span class='ocrx_word' id='word_1_250' title='bbox 1301 3158 1435 3208; x_wconf 83' lang='lat' dir='ltr'>identidem</span> <span class='ocrx_word' id='word_1_251' title='bbox 1449 3160 1502 3208; x_wconf 88' lang='lat' dir='ltr'>sine</span> 
     </span>
     <span class='ocr_line' id='line_1_35' title="bbox 361 3236 1502 3302; baseline 0.001 -16"><span class='ocrx_word' id='word_1_252' title='bbox 361 3238 461 3300; x_wconf 79' lang='lat' dir='ltr'>Apella.</span> <span class='ocrx_word' id='word_1_253' title='bbox 502 3236 607 3300; x_wconf 86' lang='lat' dir='ltr'>Apelles</span> <span class='ocrx_word' id='word_1_254' title='bbox 632 3236 776 3299; x_wconf 81' lang='grc' dir='ltr'>Ἀπελλῆς,</span> <span class='ocrx_word' id='word_1_255' title='bbox 803 3239 909 3302; x_wconf 80' lang='lat' dir='ltr'>Apella,</span> <span class='ocrx_word' id='word_1_256' title='bbox 952 3238 1053 3286; x_wconf 88' lang='lat' dir='ltr'>flamma</span> <span class='ocrx_word' id='word_1_257' title='bbox 1073 3239 1230 3302; x_wconf 81' lang='lat' dir='ltr'>liquescebat,</span> <span class='ocrx_word' id='word_1_258' title='bbox 1266 3237 1362 3289; x_wconf 84' lang='lat' dir='ltr'>Saxum</span> <span class='ocrx_word' id='word_1_259' title='bbox 1389 3238 1440 3288; x_wconf 87' lang='lat' dir='ltr'>fere</span> <span class='ocrx_word' id='word_1_260' title='bbox 1465 3255 1502 3289; x_wconf 88' lang='lat' dir='ltr'>sa-</span> 
     </span>
     <span class='ocr_line' id='line_1_36' title="bbox 360 3316 1568 3383; baseline 0.002 -18"><span class='ocrx_word' id='word_1_261' title='bbox 360 3331 451 3367; x_wconf 90' lang='lat' dir='ltr'>nomen</span> <span class='ocrx_word' id='word_1_262' title='bbox 469 3316 564 3376; x_wconf 87' lang='lat' dir='ltr'>Iudaei,</span> <span class='ocrx_word' id='word_1_263' title='bbox 586 3317 616 3364; x_wconf 92' lang='lat' dir='ltr'>de</span> <span class='ocrx_word' id='word_1_264' title='bbox 633 3330 690 3379; x_wconf 92' lang='lat' dir='ltr'>quo,</span> <span class='ocrx_word' id='word_1_265' title='bbox 707 3318 773 3379; x_wconf 88' lang='lat' dir='ltr'>quod</span> <span class='ocrx_word' id='word_1_266' title='bbox 785 3317 909 3381; x_wconf 87' lang='lat' dir='ltr'>dicipote-</span> <span class='ocrx_word' id='word_1_267' title='bbox 951 3332 1021 3366; x_wconf 88' lang='lat' dir='ltr'>crum</span> <span class='ocrx_word' id='word_1_268' title='bbox 1038 3318 1136 3376; x_wconf 88' lang='lat' dir='ltr'>haberi,</span> <span class='ocrx_word' id='word_1_269' title='bbox 1155 3319 1299 3382; x_wconf 89' lang='lat' dir='ltr'>praesertim</span> <span class='ocrx_word' id='word_1_270' title='bbox 1312 3319 1502 3383; x_wconf 88' lang='lat' dir='ltr'>aIudaeis,qui</span> <span class='ocrx_word' id='word_1_271' title='bbox 1566 3343 1568 3347; x_wconf 54' lang='lat'>&lt;</span> 
     </span>
     <span class='ocr_line' id='line_1_37' title="bbox 359 3396 1501 3463; baseline 0.001 -18"><span class='ocrx_word' id='word_1_272' title='bbox 359 3404 410 3456; x_wconf 90' lang='lat' dir='ltr'>rat,</span> <span class='ocrx_word' id='word_1_273' title='bbox 436 3397 531 3444; x_wconf 89' lang='lat' dir='ltr'>dictum</span> <span class='ocrx_word' id='word_1_274' title='bbox 556 3402 594 3444; x_wconf 88' lang='lat' dir='ltr'>est</span> <span class='ocrx_word' id='word_1_275' title='bbox 619 3396 649 3444; x_wconf 89' lang='lat' dir='ltr'>ab</span> <span class='ocrx_word' id='word_1_276' title='bbox 675 3396 852 3459; x_wconf 79' lang='lat' dir='ltr'>interpretibus</span> <span class='ocrx_word' id='word_1_277' title='bbox 878 3398 909 3445; x_wconf 90' lang='lat' dir='ltr'>ad</span> <span class='ocrx_word' id='word_1_278' title='bbox 951 3397 1033 3446; x_wconf 90' lang='lat' dir='ltr'>simile</span> <span class='ocrx_word' id='word_1_279' title='bbox 1049 3399 1173 3462; x_wconf 84' lang='lat' dir='ltr'>quoddam</span> <span class='ocrx_word' id='word_1_280' title='bbox 1190 3399 1340 3447; x_wconf 82' lang='lat' dir='ltr'>miraculum</span> <span class='ocrx_word' id='word_1_281' title='bbox 1356 3399 1382 3446; x_wconf 91' lang='lat' dir='ltr'>in</span> <span class='ocrx_word' id='word_1_282' title='bbox 1398 3399 1501 3463; x_wconf 87' lang='lat' dir='ltr'>antiqua</span> 
     </span>
     <span class='ocr_line' id='line_1_38' title="bbox 359 3475 1501 3540; baseline 0 -16"><span class='ocrx_word' id='word_1_283' title='bbox 359 3477 439 3540; x_wconf 86' lang='lat' dir='ltr'>Epist</span> <span class='ocrx_word' id='word_1_284' title='bbox 452 3475 536 3524; x_wconf 85' lang='lat' dir='ltr'>Paulli</span> <span class='ocrx_word' id='word_1_285' title='bbox 549 3476 697 3524; x_wconf 81' lang='lat' dir='ltr'>adRonran.</span> <span class='ocrx_word' id='word_1_286' title='bbox 709 3476 785 3525; x_wconf 85' lang='lat' dir='ltr'>XVI.</span> <span class='ocrx_word' id='word_1_287' title='bbox 797 3477 836 3527; x_wconf 86' lang='lat'>10.</span> <span class='ocrx_word' id='word_1_288' title='bbox 854 3477 909 3526; x_wconf 87' lang='lat' dir='ltr'>lam</span> <span class='ocrx_word' id='word_1_289' title='bbox 951 3477 1071 3539; x_wconf 84' lang='lat' dir='ltr'>religione</span> <span class='ocrx_word' id='word_1_290' title='bbox 1096 3478 1207 3526; x_wconf 83' lang='lat' dir='ltr'>Mosaios</span> <span class='ocrx_word' id='word_1_291' title='bbox 1232 3476 1428 3533; x_wconf 80' lang='lat' dir='ltr'>venerabantur,</span> <span class='ocrx_word' id='word_1_292' title='bbox 1450 3492 1501 3524; x_wconf 91' lang='lat' dir='ltr'>nen</span> 
     </span>
     <span class='ocr_line' id='line_1_39' title="bbox 359 3555 1499 3620; baseline -0.002 -16"><span class='ocrx_word' id='word_1_293' title='bbox 359 3570 443 3604; x_wconf 88' lang='lat' dir='ltr'>omnes</span> <span class='ocrx_word' id='word_1_294' title='bbox 465 3556 553 3604; x_wconf 88' lang='lat' dir='ltr'>Iudaei</span> <span class='ocrx_word' id='word_1_295' title='bbox 578 3555 732 3604; x_wconf 89' lang='lat' dir='ltr'>aRomanis</span> <span class='ocrx_word' id='word_1_296' title='bbox 756 3556 909 3605; x_wconf 88' lang='lat' dir='ltr'>habebantur</span> <span class='ocrx_word' id='word_1_297' title='bbox 950 3565 1000 3615; x_wconf 91' lang='lat' dir='ltr'>est,</span> <span class='ocrx_word' id='word_1_298' title='bbox 1018 3558 1083 3620; x_wconf 90' lang='lat' dir='ltr'>quod</span> <span class='ocrx_word' id='word_1_299' title='bbox 1100 3557 1227 3605; x_wconf 89' lang='lat' dir='ltr'>miremur.</span> <span class='ocrx_word' id='word_1_300' title='bbox 1255 3557 1289 3604; x_wconf 86' lang='lat' dir='ltr'>Et</span> <span class='ocrx_word' id='word_1_301' title='bbox 1306 3556 1361 3620; x_wconf 90' lang='lat' dir='ltr'>quis</span> <span class='ocrx_word' id='word_1_302' title='bbox 1378 3555 1499 3614; x_wconf 71' lang='lat' dir='ltr'>horitan</span> 
     </span>
     <span class='ocr_line' id='line_1_40' title="bbox 360 3635 1502 3699; baseline -0.002 -15"><span class='ocrx_word' id='word_1_303' title='bbox 360 3643 383 3684; x_wconf 88' lang='lat' dir='ltr'>et</span> <span class='ocrx_word' id='word_1_304' title='bbox 394 3635 539 3685; x_wconf 89' lang='lat' dir='ltr'>dicebantur</span> <span class='ocrx_word' id='word_1_305' title='bbox 548 3636 717 3698; x_wconf 87' lang='lat' dir='ltr'>superstitiosi,</span> <span class='ocrx_word' id='word_1_306' title='bbox 727 3643 756 3683; x_wconf 92' lang='lat' dir='ltr'>ut</span> <span class='ocrx_word' id='word_1_307' title='bbox 764 3636 856 3684; x_wconf 88' lang='lat' dir='ltr'>mirum</span> <span class='ocrx_word' id='word_1_308' title='bbox 868 3638 908 3695; x_wconf 88' lang='lat' dir='ltr'>sit,</span> <span class='ocrx_word' id='word_1_309' title='bbox 951 3653 1000 3686; x_wconf 91' lang='lat' dir='ltr'>non</span> <span class='ocrx_word' id='word_1_310' title='bbox 1018 3651 1080 3687; x_wconf 88' lang='lat' dir='ltr'>saxo</span> <span class='ocrx_word' id='word_1_311' title='bbox 1097 3637 1139 3684; x_wconf 91' lang='lat' dir='ltr'>isti</span> <span class='ocrx_word' id='word_1_312' title='bbox 1150 3636 1233 3685; x_wconf 80' lang='lat' dir='ltr'>vicina</span> <span class='ocrx_word' id='word_1_313' title='bbox 1243 3635 1339 3684; x_wconf 87' lang='lat' dir='ltr'>steterit</span> <span class='ocrx_word' id='word_1_314' title='bbox 1349 3635 1502 3699; x_wconf 87' lang='lat' dir='ltr'>proseucha?</span> 
     </span>
     <span class='ocr_line' id='line_1_41' title="bbox 360 3714 1499 3781; baseline 0.001 -19"><span class='ocrx_word' id='word_1_315' title='bbox 360 3730 437 3764; x_wconf 88' lang='lat' dir='ltr'>unum</span> <span class='ocrx_word' id='word_1_316' title='bbox 454 3715 632 3779; x_wconf 87' lang='lat' dir='ltr'>praecaeteris</span> <span class='ocrx_word' id='word_1_317' title='bbox 650 3715 764 3763; x_wconf 90' lang='lat' dir='ltr'>omnibus</span> <span class='ocrx_word' id='word_1_318' title='bbox 781 3717 816 3764; x_wconf 90' lang='lat' dir='ltr'>sic</span> <span class='ocrx_word' id='word_1_319' title='bbox 829 3719 907 3766; x_wconf 88' lang='lat' dir='ltr'>nomi·</span> <span class='ocrx_word' id='word_1_320' title='bbox 950 3718 1005 3767; x_wconf 88' lang='lat' dir='ltr'>Iam</span> <span class='ocrx_word' id='word_1_321' title='bbox 1027 3732 1120 3781; x_wconf 89' lang='lat' dir='ltr'>pauper</span> <span class='ocrx_word' id='word_1_322' title='bbox 1141 3717 1249 3781; x_wconf 88' lang='lat' dir='ltr'>Apella,</span> <span class='ocrx_word' id='word_1_323' title='bbox 1270 3715 1430 3773; x_wconf 87' lang='lat' dir='ltr'>enarratoris,</span> <span class='ocrx_word' id='word_1_324' title='bbox 1447 3714 1499 3774; x_wconf 80' lang='grc' dir='ltr'><strong><em>ἐξη-</em></strong></span> 
     </span>
     <span class='ocr_line' id='line_1_42' title="bbox 359 3793 1498 3863; baseline 0.002 -21"><span class='ocrx_word' id='word_1_325' title='bbox 359 3796 427 3853; x_wconf 87' lang='lat' dir='ltr'>neri,</span> <span class='ocrx_word' id='word_1_326' title='bbox 448 3802 478 3843; x_wconf 88' lang='lat' dir='ltr'>ut</span> <span class='ocrx_word' id='word_1_327' title='bbox 498 3793 658 3858; x_wconf 83' lang='lat' dir='ltr'>proverbium</span> <span class='ocrx_word' id='word_1_328' title='bbox 675 3794 754 3843; x_wconf 87' lang='lat' dir='ltr'>factus</span> <span class='ocrx_word' id='word_1_329' title='bbox 771 3796 811 3854; x_wconf 90' lang='lat' dir='ltr'>sit,</span> <span class='ocrx_word' id='word_1_330' title='bbox 829 3796 908 3846; x_wconf 87' lang='lat' dir='ltr'>veluti</span> <span class='ocrx_word' id='word_1_331' title='bbox 950 3801 1036 3863; x_wconf 71' lang='grc' dir='ltr'>γηιοῦ,</span> <span class='ocrx_word' id='word_1_332' title='bbox 1054 3813 1157 3847; x_wconf 90' lang='lat' dir='ltr'>munere</span> <span class='ocrx_word' id='word_1_333' title='bbox 1174 3799 1295 3861; x_wconf 81' lang='lat' dir='ltr'>fungens,</span> <span class='ocrx_word' id='word_1_334' title='bbox 1313 3798 1402 3862; x_wconf 87' lang='lat' dir='ltr'>stipem</span> <span class='ocrx_word' id='word_1_335' title='bbox 1419 3810 1498 3845; x_wconf 87' lang='lat' dir='ltr'>mere·</span> 
     </span>
     <span class='ocr_line' id='line_1_43' title="bbox 360 3873 1500 3943; baseline 0 -19"><span class='ocrx_word' id='word_1_336' title='bbox 360 3876 406 3924; x_wconf 87' lang='lat' dir='ltr'>Ire</span> <span class='ocrx_word' id='word_1_337' title='bbox 420 3875 573 3937; x_wconf 81' lang='lat' dir='ltr'>pauperior,</span> <span class='ocrx_word' id='word_1_338' title='bbox 589 3873 625 3920; x_wconf 88' lang='lat' dir='ltr'>ita</span> <span class='ocrx_word' id='word_1_339' title='bbox 643 3876 661 3920; x_wconf 84' lang='lat' dir='ltr'><strong><em>A</em></strong></span> <span class='ocrx_word' id='word_1_340' title='bbox 666 3876 734 3935; x_wconf 85' lang='lat' dir='ltr'>pella</span> <span class='ocrx_word' id='word_1_341' title='bbox 750 3877 908 3938; x_wconf 74' lang='lat' dir='ltr'>superstitio</span> <span class='ocrx_word' id='word_1_342' title='bbox 949 3877 1028 3925; x_wconf 69' lang='lat' dir='ltr'>batur,</span> <span class='ocrx_word' id='word_1_343' title='bbox 1045 3879 1093 3927; x_wconf 89' lang='lat' dir='ltr'>Ille</span> <span class='ocrx_word' id='word_1_344' title='bbox 1104 3879 1242 3943; x_wconf 87' lang='lat' dir='ltr'>peregrinis</span> <span class='ocrx_word' id='word_1_345' title='bbox 1252 3879 1500 3928; x_wconf 87' lang='lat' dir='ltr'>anteomniasaxum</span> 
     </span>
     <span class='ocr_line' id='line_1_44' title="bbox 359 3954 1500 4021; baseline 0.001 -18"><span class='ocrx_word' id='word_1_346' title='bbox 359 3958 416 4006; x_wconf 87' lang='lat' dir='ltr'>sior.</span> <span class='ocrx_word' id='word_1_347' title='bbox 450 3955 485 4004; x_wconf 91' lang='lat' dir='ltr'>Et</span> <span class='ocrx_word' id='word_1_348' title='bbox 501 3954 580 4011; x_wconf 90' lang='lat' dir='ltr'>unde,</span> <span class='ocrx_word' id='word_1_349' title='bbox 605 3967 708 4015; x_wconf 86' lang='lat' dir='ltr'>quaeso,</span> <span class='ocrx_word' id='word_1_350' title='bbox 735 3955 775 4003; x_wconf 90' lang='lat' dir='ltr'>isti</span> <span class='ocrx_word' id='word_1_351' title='bbox 798 3957 867 4004; x_wconf 73' lang='lat' dir='ltr'>rsus</span> <span class='ocrx_word' id='word_1_352' title='bbox 883 3962 908 4005; x_wconf 87' lang='lat' dir='ltr'>et</span> <span class='ocrx_word' id='word_1_353' title='bbox 949 3957 1099 4007; x_wconf 89' lang='lat' dir='ltr'>ostendebat.</span> <span class='ocrx_word' id='word_1_354' title='bbox 1135 3957 1218 4008; x_wconf 85' lang='lat' dir='ltr'>Senex</span> <span class='ocrx_word' id='word_1_355' title='bbox 1244 3958 1385 4015; x_wconf 89' lang='lat' dir='ltr'>mendicus,</span> <span class='ocrx_word' id='word_1_356' title='bbox 1411 3957 1500 4021; x_wconf 89' lang='lat' dir='ltr'>pannis</span> 
     </span>
     <span class='ocr_line' id='line_1_45' title="bbox 360 4033 1500 4100; baseline -0.002 -17"><span class='ocrx_word' id='word_1_357' title='bbox 360 4037 420 4092; x_wconf 84' lang='lat' dir='ltr'>ieci,</span> <span class='ocrx_word' id='word_1_358' title='bbox 441 4033 491 4083; x_wconf 89' lang='lat' dir='ltr'>nisi</span> <span class='ocrx_word' id='word_1_359' title='bbox 511 4047 544 4081; x_wconf 90' lang='lat' dir='ltr'>ex</span> <span class='ocrx_word' id='word_1_360' title='bbox 561 4033 678 4096; x_wconf 86' lang='lat' dir='ltr'>adspectu</span> <span class='ocrx_word' id='word_1_361' title='bbox 694 4033 730 4082; x_wconf 90' lang='lat' dir='ltr'>rei</span> <span class='ocrx_word' id='word_1_362' title='bbox 747 4034 850 4083; x_wconf 89' lang='lat' dir='ltr'>alicuius</span> <span class='ocrx_word' id='word_1_363' title='bbox 868 4036 909 4084; x_wconf 90' lang='lat' dir='ltr'>vel</span> <span class='ocrx_word' id='word_1_364' title='bbox 949 4035 1054 4094; x_wconf 88' lang='lat' dir='ltr'>obsitus,</span> <span class='ocrx_word' id='word_1_365' title='bbox 1071 4037 1159 4085; x_wconf 89' lang='lat' dir='ltr'>ardore</span> <span class='ocrx_word' id='word_1_366' title='bbox 1176 4037 1244 4100; x_wconf 85' lang='lat' dir='ltr'>genti</span> <span class='ocrx_word' id='word_1_367' title='bbox 1260 4050 1320 4085; x_wconf 88' lang='lat' dir='ltr'>suae</span> <span class='ocrx_word' id='word_1_368' title='bbox 1334 4036 1446 4100; x_wconf 89' lang='lat' dir='ltr'>proprio,</span> <span class='ocrx_word' id='word_1_369' title='bbox 1464 4035 1500 4082; x_wconf 91' lang='lat' dir='ltr'>in-</span> 
     </span>
     <span class='ocr_line' id='line_1_46' title="bbox 360 4112 1500 4179; baseline -0.001 -17"><span class='ocrx_word' id='word_1_370' title='bbox 360 4114 467 4164; x_wconf 89' lang='lat' dir='ltr'>hominis</span> <span class='ocrx_word' id='word_1_371' title='bbox 489 4112 609 4160; x_wconf 84' lang='lat' dir='ltr'>ridicule?</span> <span class='ocrx_word' id='word_1_372' title='bbox 645 4112 686 4162; x_wconf 88' lang='lat' dir='ltr'>Sic</span> <span class='ocrx_word' id='word_1_373' title='bbox 708 4114 781 4163; x_wconf 84' lang='lat' dir='ltr'>Satir.</span> <span class='ocrx_word' id='word_1_374' title='bbox 806 4114 827 4162; x_wconf 90' lang='lat'>1.</span> <span class='ocrx_word' id='word_1_375' title='bbox 849 4127 908 4164; x_wconf 87' lang='lat' dir='ltr'>vm.</span> <span class='ocrx_word' id='word_1_376' title='bbox 949 4123 987 4164; x_wconf 90' lang='lat' dir='ltr'>ter</span> <span class='ocrx_word' id='word_1_377' title='bbox 1011 4116 1103 4165; x_wconf 88' lang='lat' dir='ltr'>multas</span> <span class='ocrx_word' id='word_1_378' title='bbox 1130 4117 1329 4179; x_wconf 86' lang='lat' dir='ltr'>gesticulationes</span> <span class='ocrx_word' id='word_1_379' title='bbox 1356 4116 1450 4167; x_wconf 86' lang='lat' dir='ltr'>Graece</span> <span class='ocrx_word' id='word_1_380' title='bbox 1475 4120 1500 4161; x_wconf 91' lang='lat' dir='ltr'>et</span> 
     </span>
     <span class='ocr_line' id='line_1_47' title="bbox 360 4192 1501 4259; baseline -0.003 -15"><span class='ocrx_word' id='word_1_381' title='bbox 360 4194 399 4244; x_wconf 74' lang='lat'>50.</span> <span class='ocrx_word' id='word_1_382' title='bbox 415 4201 546 4258; x_wconf 85' lang='lat' dir='ltr'>postquam</span> <span class='ocrx_word' id='word_1_383' title='bbox 561 4192 669 4256; x_wconf 88' lang='lat' dir='ltr'>Priapus</span> <span class='ocrx_word' id='word_1_384' title='bbox 680 4194 819 4256; x_wconf 73' lang='lat' dir='ltr'>pepederat,</span> <span class='ocrx_word' id='word_1_385' title='bbox 831 4208 908 4257; x_wconf 88' lang='lat' dir='ltr'>quan·</span> <span class='ocrx_word' id='word_1_386' title='bbox 949 4197 1039 4245; x_wconf 87' lang='lat' dir='ltr'>Latine</span> <span class='ocrx_word' id='word_1_387' title='bbox 1056 4196 1210 4255; x_wconf 89' lang='lat' dir='ltr'>balbutiens,</span> <span class='ocrx_word' id='word_1_388' title='bbox 1229 4196 1336 4246; x_wconf 88' lang='lat' dir='ltr'>Horatio</span> <span class='ocrx_word' id='word_1_389' title='bbox 1351 4195 1501 4259; x_wconf 87' lang='lat' dir='ltr'>persuadere</span> 
     </span>
     <span class='ocr_line' id='line_1_48' title="bbox 360 4271 1499 4338; baseline -0.002 -16"><span class='ocrx_word' id='word_1_390' title='bbox 360 4281 412 4322; x_wconf 87' lang='lat' dir='ltr'>tum</span> <span class='ocrx_word' id='word_1_391' title='bbox 429 4271 540 4335; x_wconf 88' lang='lat' dir='ltr'>displosa</span> <span class='ocrx_word' id='word_1_392' title='bbox 556 4273 638 4320; x_wconf 85' lang='lat' dir='ltr'>vesica</span> <span class='ocrx_word' id='word_1_393' title='bbox 654 4280 764 4330; x_wconf 88' lang='lat' dir='ltr'>sonaret,</span> <span class='ocrx_word' id='word_1_394' title='bbox 786 4274 908 4324; x_wconf 86' lang='lat' dir='ltr'>veneficas</span> <span class='ocrx_word' id='word_1_395' title='bbox 949 4276 1030 4338; x_wconf 87' lang='lat' dir='ltr'>eupit,</span> <span class='ocrx_word' id='word_1_396' title='bbox 1054 4282 1082 4323; x_wconf 92' lang='lat' dir='ltr'>ut</span> <span class='ocrx_word' id='word_1_397' title='bbox 1107 4276 1204 4332; x_wconf 89' lang='lat' dir='ltr'>credat,</span> <span class='ocrx_word' id='word_1_398' title='bbox 1225 4289 1313 4323; x_wconf 83' lang='lat' dir='ltr'>verum</span> <span class='ocrx_word' id='word_1_399' title='bbox 1339 4289 1406 4330; x_wconf 88' lang='lat' dir='ltr'>esse,</span> <span class='ocrx_word' id='word_1_400' title='bbox 1433 4274 1499 4336; x_wconf 90' lang='lat' dir='ltr'>qued</span> 
     </span>
     <span class='ocr_line' id='line_1_49' title="bbox 361 4352 1499 4417; baseline -0.001 -17"><span class='ocrx_word' id='word_1_401' title='bbox 361 4352 444 4417; x_wconf 85' lang='lat' dir='ltr'>fugam</span> <span class='ocrx_word' id='word_1_402' title='bbox 461 4367 589 4416; x_wconf 86' lang='lat' dir='ltr'>capessere</span> <span class='ocrx_word' id='word_1_403' title='bbox 605 4368 661 4402; x_wconf 77' lang='lat' dir='ltr'>cana</span> <span class='ocrx_word' id='word_1_404' title='bbox 679 4367 767 4414; x_wconf 72' lang='lat' dir='ltr'>moeno</span> <span class='ocrx_word' id='word_1_405' title='bbox 781 4355 908 4403; x_wconf 83' lang='lat' dir='ltr'>risaioeo-</span> <span class='ocrx_word' id='word_1_406' title='bbox 950 4357 980 4404; x_wconf 88' lang='lat' dir='ltr'>de</span> <span class='ocrx_word' id='word_1_407' title='bbox 997 4370 1059 4404; x_wconf 83' lang='lat' dir='ltr'>saxo</span> <span class='ocrx_word' id='word_1_408' title='bbox 1075 4355 1230 4403; x_wconf 86' lang='lat' dir='ltr'>narrabatur.</span> <span class='ocrx_word' id='word_1_409' title='bbox 1264 4353 1352 4402; x_wconf 85' lang='lat' dir='ltr'>Talem</span> <span class='ocrx_word' id='word_1_410' title='bbox 1377 4353 1499 4402; x_wconf 88' lang='lat' dir='ltr'>Iudaeum</span> 
     </span>
     <span class='ocr_line' id='line_1_50' title="bbox 360 4431 1500 4496; baseline 0.001 -16"><span class='ocrx_word' id='word_1_411' title='bbox 360 4449 406 4496; x_wconf 80' lang='lat' dir='ltr'>que</span> <span class='ocrx_word' id='word_1_412' title='bbox 433 4432 546 4490; x_wconf 86' lang='lat' dir='ltr'>videbat,</span> <span class='ocrx_word' id='word_1_413' title='bbox 574 4434 635 4480; x_wconf 91' lang='lat' dir='ltr'>dum</span> <span class='ocrx_word' id='word_1_414' title='bbox 663 4431 783 4480; x_wconf 85' lang='lat' dir='ltr'>Canidiae</span> <span class='ocrx_word' id='word_1_415' title='bbox 811 4433 909 4492; x_wconf 88' lang='lat' dir='ltr'>dentes,</span> <span class='ocrx_word' id='word_1_416' title='bbox 950 4451 1000 4485; x_wconf 91' lang='lat' dir='ltr'>non</span> <span class='ocrx_word' id='word_1_417' title='bbox 1016 4435 1070 4484; x_wconf 90' lang='lat' dir='ltr'>sine</span> <span class='ocrx_word' id='word_1_418' title='bbox 1086 4435 1138 4482; x_wconf 90' lang='lat' dir='ltr'>risu</span> <span class='ocrx_word' id='word_1_419' title='bbox 1160 4441 1184 4483; x_wconf 90' lang='lat' dir='ltr'>et</span> <span class='ocrx_word' id='word_1_420' title='bbox 1201 4434 1254 4482; x_wconf 90' lang='lat' dir='ltr'>ioco</span> <span class='ocrx_word' id='word_1_421' title='bbox 1271 4434 1355 4481; x_wconf 87' lang='lat' dir='ltr'>videre</span> <span class='ocrx_word' id='word_1_422' title='bbox 1372 4439 1397 4482; x_wconf 90' lang='lat' dir='ltr'>et</span> <span class='ocrx_word' id='word_1_423' title='bbox 1413 4432 1500 4481; x_wconf 89' lang='lat' dir='ltr'>audire</span> 
     </span>
     <span class='ocr_line' id='line_1_51' title="bbox 361 4510 1502 4580; baseline -0.001 -20"><span class='ocrx_word' id='word_1_424' title='bbox 361 4510 475 4576; x_wconf 83' lang='lat' dir='ltr'>Saganae</span> <span class='ocrx_word' id='word_1_425' title='bbox 486 4513 656 4570; x_wconf 89' lang='lat' dir='ltr'>caliendrum,</span> <span class='ocrx_word' id='word_1_426' title='bbox 673 4512 762 4560; x_wconf 89' lang='lat' dir='ltr'>herbae</span> <span class='ocrx_word' id='word_1_427' title='bbox 774 4519 798 4560; x_wconf 93' lang='lat' dir='ltr'>ct</span> <span class='ocrx_word' id='word_1_428' title='bbox 809 4513 909 4561; x_wconf 74' lang='lat' dir='ltr'>vincula</span> <span class='ocrx_word' id='word_1_429' title='bbox 950 4520 1070 4580; x_wconf 88' lang='lat' dir='ltr'>poterant.</span> <span class='ocrx_word' id='word_1_430' title='bbox 1105 4512 1173 4573; x_wconf 83' lang='lat' dir='ltr'>Quin</span> <span class='ocrx_word' id='word_1_431' title='bbox 1191 4512 1272 4575; x_wconf 89' lang='lat' dir='ltr'>ipsum</span> <span class='ocrx_word' id='word_1_432' title='bbox 1290 4526 1380 4559; x_wconf 89' lang='lat' dir='ltr'>nornen</span> <span class='ocrx_word' id='word_1_433' title='bbox 1395 4513 1502 4573; x_wconf 77' lang='lat' dir='ltr'>Apellae</span> 
     </span>
     <span class='ocr_line' id='line_1_52' title="bbox 360 4591 1501 4655; baseline -0.003 -15"><span class='ocrx_word' id='word_1_434' title='bbox 360 4593 522 4650; x_wconf 85' lang='lat' dir='ltr'>excidebant,</span> <span class='ocrx_word' id='word_1_435' title='bbox 550 4600 575 4643; x_wconf 91' lang='lat' dir='ltr'>et</span> <span class='ocrx_word' id='word_1_436' title='bbox 599 4593 683 4643; x_wconf 85' lang='lat' dir='ltr'>Carm.</span> <span class='ocrx_word' id='word_1_437' title='bbox 705 4592 754 4642; x_wconf 89' lang='lat' dir='ltr'>IV.</span> <span class='ocrx_word' id='word_1_438' title='bbox 778 4607 836 4641; x_wconf 87' lang='lat' dir='ltr'>xru.</span> <span class='ocrx_word' id='word_1_439' title='bbox 866 4596 907 4643; x_wconf 79' lang='lat'>25.</span> <span class='ocrx_word' id='word_1_440' title='bbox 950 4597 976 4644; x_wconf 90' lang='lat' dir='ltr'>in</span> <span class='ocrx_word' id='word_1_441' title='bbox 993 4595 1101 4650; x_wconf 88' lang='lat' dir='ltr'>Iudaeo,</span> <span class='ocrx_word' id='word_1_442' title='bbox 1123 4592 1194 4655; x_wconf 89' lang='lat' dir='ltr'>quasi</span> <span class='ocrx_word' id='word_1_443' title='bbox 1210 4593 1264 4640; x_wconf 85' lang='lat' dir='ltr'>sine</span> <span class='ocrx_word' id='word_1_444' title='bbox 1280 4593 1357 4654; x_wconf 84' lang='lat' dir='ltr'>pelle,</span> <span class='ocrx_word' id='word_1_445' title='bbox 1380 4591 1501 4640; x_wconf 79' lang='lat' dir='ltr'>Romame</span> 
     </span>
     <span class='ocr_line' id='line_1_53' title="bbox 360 4670 1500 4736; baseline -0.001 -17"><span class='ocrx_word' id='word_1_446' title='bbox 360 4672 390 4720; x_wconf 91' lang='lat' dir='ltr'>de</span> <span class='ocrx_word' id='word_1_447' title='bbox 409 4671 492 4736; x_wconf 87' lang='lat' dir='ltr'>Lyce,</span> <span class='ocrx_word' id='word_1_448' title='bbox 518 4674 603 4722; x_wconf 83' lang='lat' dir='ltr'>vetula</span> <span class='ocrx_word' id='word_1_449' title='bbox 619 4673 729 4722; x_wconf 76' lang='lat' dir='ltr'>amice:</span> <span class='ocrx_word' id='word_1_450' title='bbox 751 4675 858 4721; x_wconf 84' lang='lat' dir='ltr'>Posseat</span> <span class='ocrx_word' id='word_1_451' title='bbox 879 4680 909 4722; x_wconf 83' lang='lat' dir='ltr'>ut</span> <span class='ocrx_word' id='word_1_452' title='bbox 951 4672 1102 4722; x_wconf 87' lang='lat' dir='ltr'>occasionem</span> <span class='ocrx_word' id='word_1_453' title='bbox 1129 4670 1225 4720; x_wconf 90' lang='lat' dir='ltr'>ridendi</span> <span class='ocrx_word' id='word_1_454' title='bbox 1252 4678 1276 4719; x_wconf 89' lang='lat' dir='ltr'>et</span> <span class='ocrx_word' id='word_1_455' title='bbox 1302 4671 1397 4719; x_wconf 85' lang='lat' dir='ltr'>iocandi</span> <span class='ocrx_word' id='word_1_456' title='bbox 1426 4685 1500 4734; x_wconf 87' lang='lat' dir='ltr'>prae-</span> 
     </span>
     <span class='ocr_line' id='line_1_54' title="bbox 361 4752 1031 4818; baseline 0.006 -22"><span class='ocrx_word' id='word_1_457' title='bbox 361 4752 457 4802; x_wconf 78' lang='lat' dir='ltr'>irrrenes</span> <span class='ocrx_word' id='word_1_458' title='bbox 474 4754 553 4803; x_wconf 82' lang='lat' dir='ltr'>visere</span> <span class='ocrx_word' id='word_1_459' title='bbox 563 4755 662 4818; x_wconf 64' lang='lat' dir='ltr'>fervidi</span> <span class='ocrx_word' id='word_1_460' title='bbox 688 4753 776 4800; x_wconf 76' lang='lat' dir='ltr'>Merito</span> <span class='ocrx_word' id='word_1_461' title='bbox 792 4767 841 4801; x_wconf 83' lang='lat' dir='ltr'>nen</span> <span class='ocrx_word' id='word_1_462' title='bbox 857 4755 910 4802; x_wconf 83' lang='lat' dir='ltr'>sine</span> <span class='ocrx_word' id='word_1_463' title='bbox 952 4754 1031 4802; x_wconf 89' lang='lat' dir='ltr'>bebat.</span> 
     </span>
    </p>
   </div>
   <div class='ocr_carea' id='block_1_7' title="bbox 844 4867 1009 4889">
    <p class='ocr_par' dir='ltr' id='par_1_14' title="bbox 844 4867 1009 4889">
     <span class='ocr_line' id='line_1_55' title="bbox 844 4867 1009 4889; baseline 0.012 -7"><span class='ocrx_word' id='word_1_464' title='bbox 844 4867 1009 4889; x_wconf 50' lang='grc' dir='ltr'>...φορ-</span> 
     </span>
    </p>
   </div>
   <div class='ocr_carea' id='block_1_8' title="bbox 0 0 1880 5759">
    <p class='ocr_par' dir='ltr' id='par_1_15' title="bbox 0 0 1880 5759">
     <span class='ocr_line' id='line_1_56' title="bbox 0 0 1880 5759; baseline 0 2"><span class='ocrx_word' id='word_1_465' title='bbox 0 0 1880 5759; x_wconf 95' lang='lat' dir='ltr'> </span> 
     </span>
    </p>
   </div>
  </div>
 </body>
</html>
