3750 5759
819 656 1001 724 LIBER
1048 660 1072 724 l.

1193 741 1209 769 0

420 851 558 937 Optaret
582 851 646 917 sibi
665 851 821 938 quisque,
842 852 923 918 meis
946 858 1119 918 contentus
1141 854 1296 920 honestos

419 955 578 1021 Fascibus
602 961 635 1022 et
660 955 750 1022 sellis
775 955 899 1020 nollem
922 956 1005 1020 mihi
1027 979 1173 1035 sumere3
1192 957 1325 1023 demens

418 1059 545 1125 Iudicio
568 1060 682 1146 vulgi,
704 1083 803 1126 sanus
824 1060 964 1125 fortasse
987 1065 1061 1143 tue,
1082 1061 1169 1146 quod

417 1162 551 1229 Nollem
575 1185 676 1247 onus,
701 1163 790 1229 haud
811 1185 968 1249 umquam
995 1163 1132 1247 solitus,
1152 1170 1281 1250 portare
1303 1164 1489 1230 molestum.

417 1267 505 1332 Nam
525 1267 608 1332 mihi
630 1267 786 1333 continuo
813 1267 918 1332 maior
939 1267 1122 1352 quaerenda
1145 1267 1229 1333 foret
1248 1289 1314 1350 res,

417 1369 528 1454 Atque
550 1369 717 1435 salutandi
736 1370 867 1456 plures,
895 1370 1063 1436 ducendus
1090 1377 1228 1436 aturrus

417 1473 464 1538 Et
486 1495 593 1539 comes
616 1474 718 1556 alter,
739 1473 790 1538 uti
811 1495 853 1539 ne
875 1474 965 1539 solus
987 1496 1083 1540 rusve
1104 1492 1276 1561 peregreve

416 1577 571 1660 Exirem,
597 1576 707 1662 plures
729 1576 859 1642 calones
881 1583 980 1663 atque
998 1578 1117 1643 caballi

418 1679 598 1762 Pascendi,
621 1679 771 1744 ducenda
789 1679 955 1765 petorrita.
1005 1680 1101 1746 Nunc
1124 1681 1207 1745 mihi
1223 1687 1314 1747 curto

417 1783 469 1848 Ire
491 1782 569 1848 licet
591 1782 682 1847 mulo
704 1782 757 1847 vel
781 1782 809 1847 si
830 1783 913 1848 libet
932 1805 1036 1869 usque
1059 1784 1250 1866 Tarentum,

416 1885 563 1951 Mantica
585 1886 639 1951 cui
662 1886 793 1952 lumbos
817 1908 914 1952 onore
936 1887 1059 1953 ulceret
1082 1893 1180 1973 atque
1204 1908 1300 1973 eques
1325 1908 1442 1974 armos.

416 1987 558 2055 Obiicict
581 2012 677 2055 nemo
701 1990 811 2056 sordes
835 1990 935 2074 mihi,
962 2014 1041 2077 quas
1066 1991 1147 2074 tibi,
1172 1991 1264 2075 Tilli,

416 2092 526 2172 Quum
548 2094 681 2160 Tiburte
703 2094 759 2160 via
780 2100 964 2180 praetorem
989 2095 1133 2181 quinque
1157 2102 1338 2182 sequuntur

415 2196 458 2261 Te
480 2197 590 2282 pueri,
611 2198 763 2264 lasanum
785 2204 956 2302 portantes
981 2200 1274 2285 oenophorumque.

347 2292 352 2300 ’
414 2300 486 2365 Ηοο
511 2322 571 2387 ego
595 2302 799 2368 commodius
824 2325 923 2388 quam
948 2307 985 2368 tu
1008 2303 1171 2388 praeclare
1195 2308 1343 2384 senator,

415 2402 564 2471 Millibus
588 2410 686 2491 atque
709 2405 784 2471 aliis
807 2405 892 2472 vivo.
943 2406 1143 2493 Quacunque
1166 2394 1269 2471 libido
1293 2411 1360 2490 est,

367 2552 492 2614 quomodo
522 2567 555 2600 ex
585 2552 689 2616 vulgata
719 2538 824 2601 lectione
853 2552 919 2601 effici
962 2554 1044 2602 huius.
1077 2553 1154 2602 Recte
1178 2569 1230 2602 meo
1255 2559 1396 2611 contentus,
1418 2553 1510 2603 nollem

366 2636 456 2693 queat,
472 2645 523 2679 non
539 2632 667 2695 perspicio.
701 2630 918 2688 mnasonem,
960 2645 1058 2680 sumere
1076 2634 1195 2682 honestos.

367 2709 543 2774 interpretans:
563 2717 602 2770 „et
618 2712 688 2759 fieret
705 2710 743 2759 illi
755 2716 862 2774 potestas
875 2710 917 2759 eli·
997 2711 1071 2770 Quod
1096 2714 1185 2762 uallem
1207 2728 1282 2770 onus,
1304 2715 1374 2761 haud
1399 2728 1510 2776 uuquam

367 2790 444 2852 gendi
468 2807 485 2839 α
503 2790 576 2853 satis
600 2805 661 2854 quos
687 2789 762 2837 vellet
786 2792 917 2852 parentes“
959 2792 1048 2839 solitus
1067 2798 1173 2854 portare
1194 2795 1332 2842 caelestum.
1367 2791 1421 2843 Alii
1438 2793 1510 2840 aliter

367 2870 437 2919 aliud
459 2869 521 2919 vidit
542 2883 618 2933 quam
640 2871 674 2917 nd
683 2869 796 2932 suatum.
830 2867 916 2918 cuou-
959 2868 1124 2932 distinguunt.
1149 2871 1242 2920 Verius
1259 2879 1330 2934 puto:
1352 2873 1426 2931 Quod
1449 2874 1509 2922 Nol·

366 2965 424 2999 rum
450 2965 565 3013 comparo
581 2950 686 3001 LucIan.
720 2949 820 2998 Patriae
836 2949 916 2997 Enco-
960 2950 1021 2997 lem:
1044 2965 1107 2998 onus
1130 2952 1199 2998 baud
1220 2966 1332 3013 uuquam
1348 2952 1436 2999 solitus
1452 2967 1509 3014 por·

367 3031 446 3078 mium
463 3032 487 3078 2.
514 3027 579 3077 ὅπου
597 3027 617 3078 s‘
630 3027 726 3093 αἵρεσίς
737 3028 791 3076 ἐστι
804 3029 916 3090 πόλεων,
959 3033 1015 3077 tare
1046 3030 1183 3078 molestum.
1227 3030 1299 3091 Quod
1328 3033 1418 3080 nollem
1446 3033 1509 3080 mihi

368 3111 448 3167 οὐδεὶς
475 3109 508 3156 ἂν
533 3107 617 3157 ἕλοιτο
642 3110 691 3167 τὴν
717 3106 915 3173 λαμπροτέραν,
959 3122 1056 3156 sumere
1072 3115 1201 3172 parentem
1218 3110 1249 3158 ad
1276 3109 1380 3168 fastum,
1406 3118 1434 3159 ut
1459 3111 1508 3160 alii.

368 3189 446 3247 ἐάσας
463 3189 513 3248 τὴν
530 3185 657 3251 πατρίδα,
678 3184 735 3234 ἀλλ’
754 3187 851 3241 εὔξαιτο
869 3189 916 3251 μὲν
961 3189 1064 3237 Sumere
1088 3190 1250 3252 repetendum
1275 3204 1307 3237 ex
1331 3205 1368 3238 vs.
1395 3191 1435 3242 97.
1468 3191 1509 3239 Ita

368 3270 402 3318 ἂν
422 3271 486 3317 εἶναι
508 3267 550 3315 καὶ
567 3269 616 3325 τὴν
632 3265 744 3329 πατρίδα
761 3269 818 3322 ταῖς
835 3266 915 3315 silai·
959 3267 1157 3320 Satira1.1.19.
1181 3273 1320 3320 Discedite.
1340 3274 1438 3321 Norint.
1456 3272 1509 3322 Cur

367 3365 426 3412 μοοι
448 3345 648 3411 παραπλησίαν,
671 3343 755 3394 Ιε71οιτο
777 3342 798 3394 δ’
816 3345 850 3393 ἂν
867 3345 916 3404 τὴν
958 3349 1076 3398 Horatius
1098 3350 1138 3398 hic
1160 3352 1250 3408 nollet,
1273 3350 1380 3412 primum
1402 3350 1509 3414 explicat

367 3426 520 3476 ὁποιανοῦν.
546 3426 575 3474 τὸ
601 3423 621 3473 δ’
643 3425 707 3473 αὐτὸ
729 3426 805 3474 τοῦτο
828 3425 869 3472 καὶ
892 3424 915 3473 οἱ
957 3430 1087 3488 universe,
1103 3429 1191 3477 deinde
1209 3429 1361 3490 singulatim,

367 3505 458 3556 δίκαιοι
474 3508 526 3554 τῶν
544 3502 645 3552 παίδων
662 3503 813 3566 πράττουσι,
832 3503 874 3552 καὶ
892 3502 915 3552 οἱ
993 3508 1094 3558 Coeant
1120 3510 1252 3570 pascendi,
1285 3511 1398 3557 ducenda
1425 3517 1508 3571 petor·

367 3586 472 3651 χρηστοὶ
494 3589 547 3633 τῶν
565 3583 692 3647 πατέρων·
716 3584 838 3648 οὔτεγὰρ
858 3582 915 3640 νέος
956 3591 1018 3637 rita.
1052 3587 1204 3650 Doeringins
1222 3587 1362 3636 annotavit:
1380 3591 1508 3647 ,accendo

367 3665 445 3723 καλὸς
466 3665 579 3730 ‘orabit
600 3664 684 3713 ἄλλον
706 3664 740 3713 ἂν
761 3662 915 3728 προτιμῆσαι
957 3682 1118 3727 semesum,
1142 3674 1172 3715 ut
1188 3667 1272 3730 paullo
1288 3672 1357 3714 ante:
1384 3669 1508 3716 ducendus

367 3747 412 3794 τοῦ
430 3746 536 3810 πατρός,
956 3754 981 3797 et
998 3763 1065 3797 uuus
1077 3750 1116 3796 Et
1128 3762 1205 3797 ccnzea
1216 3749 1290 3795 alter.
1308 3747 1339 3795 In
1350 3747 1407 3796 edit.
1430 3747 1508 3794 Hein-

407 3825 476 3873 Meu
500 3829 638 3874 contentus.
683 3822 814 3879 Horatius,
839 3830 915 3885 puto,
957 3826 1069 3875 dorfiana
1084 3827 1176 3890 legitur
1193 3829 1313 3885 ducenta,
1328 3840 1467 3889 operarum,
1479 3835 1508 3876 ut

367 3903 476 3967 scripsit:
503 3919 555 3952 meo
577 3909 714 3953 contentus.
750 3902 839 3950 Matris
862 3902 915 3965 qui·
957 3907 1068 3966 videtur,
1086 3909 1193 3955 errore.“
1218 3906 1266 3954 Est
1282 3905 1371 3969 procul
1387 3907 1461 3956 dubio
1472 3922 1508 3956 er·

367 3982 422 4030 dem
448 3983 489 4030 hic
513 3983 582 4031 nulla
606 3983 670 4031 ratio
694 3982 814 4040 habetur,
835 3996 915 4045 neque
956 4001 998 4035 ror
1023 3988 1216 4050 typothetarum.
1255 3986 1323 4035 Nam
1347 3985 1507 4035 Heindorfius

367 4061 484 4110 Horatius
501 4077 556 4110 eam
573 4077 679 4126 usquam
692 4062 840 4111 nominavit.
863 4062 914 4115 No·
956 4067 1122 4115 coniecturam
1142 4065 1231 4113 tacitus
1248 4064 1274 4110 in
1291 4071 1387 4113 textum
1403 4080 1454 4113 non
1470 4079 1507 4113 re·

367 4141 496 4202 minasset,
522 4142 543 4190 si
568 4149 593 4190 et
617 4141 655 4190 illi
679 4141 787 4189 multum
807 4141 913 4190 deberet.
955 4146 1054 4210 ciperet,
1072 4144 1174 4192 minime
1190 4143 1273 4201 talem,
1290 4159 1353 4207 quae
1370 4152 1394 4192 et
1411 4151 1507 4192 senten·

367 4222 443 4271 Recte
464 4222 490 4270 in
512 4222 564 4270 aliis
586 4227 719 4284 parentes,-
737 4236 796 4270 narn
813 4223 914 4284 quisque
954 4226 1004 4275 tiae
1029 4233 1053 4274 et
1076 4230 1155 4273 metro
1180 4222 1294 4271 obstaret.
1333 4223 1408 4272 Recte
1431 4224 1507 4286 igitur

365 4309 422 4351 suut
442 4299 537 4364 plures.
571 4302 690 4350 Horatius
715 4316 793 4349 unum
818 4307 914 4365 poterat
956 4305 982 4353 in
999 4305 1053 4354 aliis
1071 4301 1217 4352 editionibus
1234 4308 1369 4349 correctum
1386 4303 1505 4350 ducenda.

366 4390 465 4446 optare,
487 4382 535 4430 hoc
554 4387 604 4439 est,
620 4380 710 4443 legere.
748 4383 915 4444 Quaecunque
959 4385 1081 4433 Ducenda
1099 4382 1202 4430 fortasse
1214 4378 1334 4442 explicari
1345 4386 1453 4442 poterat,
1469 4399 1506 4433 re·

366 4462 407 4511 alii
427 4464 459 4510 ad
481 4461 574 4510 fastum
596 4460 722 4523 legerent,
747 4475 794 4524 ego
811 4463 914 4510 academ
955 4465 1048 4526 penda,
1067 4462 1170 4523 spendo.
1196 4458 1279 4519 Magis
1298 4457 1440 4520 probarem:
1454 4463 1506 4508 Ρα-

366 4541 488 4605 legerem,
505 4557 557 4590 meo
573 4554 652 4589 essem
669 4547 808 4589 contentus.
826 4540 913 4590 Melio·
956 4543 1052 4600 scendi,
1066 4546 1091 4589 et
1108 4541 1221 4588 habenda
1234 4540 1366 4599 petorrita.
1392 4539 1506 4597 Librarii,

366 4636 418 4670 rem
449 4621 533 4684 legere
566 4635 616 4668 non
644 4619 785 4683 potuissem.
832 4619 914 4684 Supra
957 4628 1036 4670 metro
1053 4619 1179 4677 timentes,
1195 4623 1304 4666 mutasse
1322 4617 1445 4666 videntur.

366 4701 441 4750 dixit:
466 4703 513 4749 Nil
530 4717 567 4748 nee
582 4701 709 4761 poeniteat
725 4715 814 4747 santum
830 4702 915 4764 porris
991 4703 1110 4750 Millibus
1132 4705 1208 4762 utque
1229 4698 1289 4746 aliis
1309 4700 1371 4749 viro.
1405 4699 1504 4749 Lambi-
