3750 5759
443 721 485 782 to
833 713 1184 780 SATIRARUM

487 905 537 970 Ne
556 905 639 969 foret
661 904 712 969 his
737 904 850 986 testis,
878 907 954 988 post
975 924 1097 986 magna
1120 901 1221 966 latere
1244 900 1401 986 sepulcra.

487 1008 629 1073 Mentior
652 1009 736 1073 atsi
761 1008 858 1094 quid,
882 1007 1004 1072 merdis
1029 1011 1127 1091 caput
1148 1005 1301 1090 inquiner
1321 1003 1408 1069 albis

486 1111 664 1177 Corvorum
688 1119 786 1197 atque
809 1111 844 1174 in
866 1133 919 1175 me
941 1110 1052 1175 veniat
1075 1109 1213 1174 mictum
1236 1114 1334 1193 atqua
1353 1111 1509 1173 cacatum

485 1215 589 1280 Iulius
614 1221 647 1280 et
670 1215 797 1300 fragilis
820 1213 972 1279 Pediacia
994 1212 1109 1297 furque
1129 1212 1288 1277 Vorenus.

486 1318 625 1403 Singula
648 1319 727 1404 quid
748 1319 948 1383 memorem?
975 1337 1038 1402 quo
1061 1322 1157 1401 pacto
1185 1315 1311 1380 alterna
1334 1315 1512 1399 loquentes

484 1421 627 1487 Umbrae
650 1445 724 1488 cum
751 1423 881 1507 Sagana
904 1420 1088 1485 resonarint
1111 1420 1205 1485 triste
1224 1424 1257 1484 et
1278 1423 1423 1501 acutum,

483 1525 593 1612 thue
613 1527 683 1611 lupi
704 1527 839 1592 barbam
862 1525 971 1590 variae
992 1546 1066 1589 cum
1091 1525 1189 1588 dente
1209 1523 1359 1588 colubrae

437 1712 462 1759 in
479 1713 564 1760 eadem
583 1713 659 1773 fossa,
681 1713 729 1761 alia
746 1729 819 1777 super
836 1713 895 1770 alia,
917 1726 983 1774 sope-
1025 1711 1164 1773 accipiebat.
1206 1708 1374 1758 Dodcrlinus:
1401 1709 1494 1767 „Luna
1519 1708 1584 1758 latet

437 1790 544 1850 liuntur,
561 1793 685 1841 exsistunt
702 1794 772 1855 parvi
789 1792 870 1849 colleS,
883 1793 984 1840 tarnnli.
1025 1798 1080 1854 post
1101 1793 1228 1853 sepulcra,
1253 1790 1299 1838 hoo
1324 1796 1371 1847 est,
1397 1796 1454 1852 post
1477 1791 1584 1849 natta,

436 1871 489 1920 Hos
512 1870 632 1928 tumulos,
653 1872 703 1919 iam
725 1871 852 1920 arboribus
869 1870 986 1929 vestitos,
1025 1871 1095 1933 quasi
1112 1868 1230 1932 sepulcra.
1263 1869 1350 1918 Densa
1366 1875 1391 1916 et
1401 1869 1525 1917 continua
1536 1882 1583 1918 nu·

435 1957 518 1998 tamen
541 1951 647 2013 appellat
667 1951 780 2014 sepulcra
801 1968 903 2014 oraora,
921 1954 983 2000 alta.
1003 1942 1005 1995 Ι
1024 1948 1073 1996 bila
1089 1956 1149 1996 sunt
1166 1949 1237 2012 quasi
1255 1947 1369 2012 sepulcra
1385 1949 1501 1998 Lunae.“

435 2027 526 2091 Cogita
547 2046 571 2077 v.
588 2046 608 2078 c.
633 2030 745 2093 sepulcra
766 2031 874 2080 militum
893 2033 983 2081 Roma·
1059 2031 1191 2078 Pediatia.
1225 2031 1342 2078 Fortasse
1361 2029 1429 2078 locus
1446 2029 1484 2078 ita
1500 2029 1582 2094 expli·

435 2122 523 2156 norum
541 2109 567 2157 in
584 2110 668 2157 multis
680 2111 820 2174 regionibus
837 2112 908 2160 hodie
925 2128 983 2175 quo·
1024 2109 1075 2156 cari
1092 2116 1184 2171 potest,
1201 2117 1229 2157 ut
1246 2109 1377 2158 videantur
1395 2116 1446 2158 tres
1458 2123 1513 2158 esse
1524 2123 1581 2173 per·

434 2203 482 2252 quc
500 2190 598 2236 nominc
616 2193 770 2239 tetrardorum
787 2191 893 2253 cognita.
923 2193 985 2240 Post
1024 2203 1111 2246 sonae,
1129 2189 1221 2247 Iulius,
1236 2196 1261 2237 et
1271 2190 1397 2248 Pediatia,
1414 2196 1438 2237 et
1446 2189 1580 2249 Voranus,

435 2267 495 2317 talia
512 2267 625 2330 sepulcra
640 2269 715 2317 Luna
731 2276 827 2332 potarat
844 2272 929 2320 latere.
1024 2270 1066 2316 sed
1095 2269 1193 2332 propria
1216 2269 1266 2316 sint
1290 2269 1356 2327 duo,
1381 2269 1465 2317 Iulius
1488 2269 1581 2318 Pedia·

465 2347 554 2410 Vulgo
571 2348 643 2396 aliter
663 2349 745 2411 imago
763 2348 827 2397 Solis
845 2356 869 2397 et
885 2351 983 2410 Lunae,
1023 2347 1076 2394 cius
1097 2356 1121 2396 ct
1142 2348 1269 2397 Voranus.
1305 2346 1374 2408 Quos
1397 2348 1505 2411 Priapus
1527 2363 1580 2398 non

436 2440 467 2474 ne
484 2428 543 2489 quid
561 2428 673 2486 videant,
690 2429 802 2491 fingitur.
829 2429 873 2478 Sol
884 2446 899 2477 a
910 2432 982 2481 rebus
1023 2436 1159 2486 recusaret,
1176 2414 1308 2492 quominus
1326 2434 1408 2476 assant
1424 2429 1541 2488 venturi,
1558 2431 1581 2479 si

435 2506 585 2568 turpissimis
602 2510 700 2556 saltam
717 2511 825 2565 auertit,
842 2525 866 2557 se
877 2511 984 2571 oalirstne
1023 2509 1182 2566 mentiretur,
1205 2522 1258 2556 esso
1280 2509 1370 2557 debent
1390 2507 1504 2556 homines
1521 2523 1579 2572 per-

435 2588 512 2646 cepit,
530 2585 585 2634 sim.
618 2587 658 2635 Dc
678 2588 754 2635 Luna
771 2587 831 2635 haec
847 2595 981 2636 annotare·
1002 2568 1004 2651 l
1023 2587 1068 2633 diti
1084 2593 1108 2634 et
1125 2587 1236 2635 infames.
1271 2588 1307 2637 Ut
1323 2587 1444 2635 Voranus
1466 2587 1579 2650 appella·

433 2677 503 2712 ram:
520 2665 633 2713 Iuvenal.
652 2665 726 2716 Satir.
738 2668 816 2716 VIII.
831 2669 885 2716 149.
904 2670 984 2717 Nocte
1022 2672 1063 2713 tur
1081 2665 1134 2724 fur,
1157 2668 1204 2724 ita,
1227 2668 1248 2714 si
1269 2667 1348 2715 lulius
1371 2668 1424 2730 ipse
1440 2674 1506 2716 esset
1522 2684 1579 2732 per·

433 2745 593 2806 quidenna
604 2747 678 2793 Lana
688 2748 813 2803 sidetem
819 2749 902 2795 sidera
912 2753 984 2796 testes
1023 2760 1096 2806 sona,
1114 2747 1221 2810 epitheto
1238 2754 1376 2806 notaretur,
1393 2755 1422 2795 ut
1431 2747 1578 2809 sarVora·

432 2825 577 2873 Interdum?
592 2827 680 2874 oculor.
714 2827 840 2874 Lucienus
858 2827 983 2875 chorta
1023 2839 1083 2883 nus,
1103 2827 1212 2888 flooldi
1237 2825 1359 2875 Pediatia.
1396 2826 1506 2876 Notatur
1533 2829 1579 2878 Iu·

431 2901 534 2965 Peragr.
546 2904 586 2952 36.
612 2904 982 2964 ὲπειδήὴσελὴνηὰνέτειλεν,
1021 2903 1081 2961 lius,
1098 2906 1272 2966 proPediaoio
1289 2904 1425 2968 appellatus
1441 2909 1577 2958 Pediacia.

429 2980 476 3030 ἔδει
493 2985 541 3047 γὰρ
558 2981 676 3046 sartione
692 2983 836 3032 θεάσασθαι
852 2983 981 3048 τὸζκάλλι-
1023 2983 1078 3030 iam
1089 2985 1108 3031 I
1109 2985 1176 3031 itlius
1186 2990 1210 3032 et
1224 2987 1348 3032 Pediacia
1359 2985 1437 3048 aoeipi
1447 2993 1539 3049 potest,
1549 2997 1579 3037 ut

431 3076 494 3108 στον
512 3064 586 3109 τοῦτο
604 3064 687 3125 ἔργον.
706 3063 776 3110 Idem
786 3064 810 3110 in
822 3063 927 3111 Icarum.
941 3066 982 3114 21.
1023 3063 1082 3110 olim
1091 3064 1179 3112 urbani
1189 3079 1232 3128 per
1241 3065 1321 3113 iocum
1329 3065 1471 3115 scribebant
1480 3067 1578 3132 aliquid

431 3136 481 3202 κᾷν
498 3158 556 3188 τινα
572 3139 626 3202 ἴδω,
648 3142 703 3189 dicit
722 3143 804 3203 Luna,
823 3143 910 3191 αὐτῶν
927 3163 980 3207 μοι·
1023 3157 1076 3190 esso
1090 3151 1172 3191 actum
1182 3146 1251 3191 Iulio
1267 3151 1292 3192 et
1312 3144 1419 3192 Caesare
1439 3146 1508 3195 Cosa.
1534 3149 1578 3198 De

433 3217 552 3280 χεύοντα,
567 3219 583 3278 ἥ
600 3218 756 3282 κλέπτοντα,
775 3221 790 3279 ὴ
806 3221 872 3268 ἄλλο
888 3241 911 3269 τι
925 3224 982 3271 roll·
1023 3223 1070 3272 isto
1090 3225 1187 3286 generis
1206 3223 1319 3272 feminini
1336 3239 1384 3272 usu
1406 3226 1577 3279 conferendus

431 3298 519 3357 avirra
527 3298 750 3362 νυκτερινώτατον,
760 3299 834 3355 εὐθὺς
844 3298 983 3348 ἐπισπασα-
1023 3303 1137 3351 Freinsh.
1155 3305 1186 3351 ad
1204 3303 1319 3352 Curtium
1336 3305 1416 3354 VIII.
1436 3309 1458 3356 l.

430 3373 983 3443 peirnroripae,ireralmbdanvmdhancra-
1059 3385 1154 3432 Variae
1174 3397 1231 3432 enen
1251 3387 1324 3432 dente
1340 3386 1464 3435 colubrae.
1497 3388 1578 3438 Haud

432 3455 523 3504 tionem
534 3457 653 3506 Horatius
663 3459 796 3521 imaginem
808 3460 897 3508 Lunae
909 3461 982 3509 infor·
1022 3463 1091 3525 peius
1102 3469 1166 3511 esset
1179 3462 1285 3511 Maroae
1295 3479 1352 3512 cam
1364 3465 1439 3514 dente
1449 3469 1577 3519 colubrae.

431 3549 500 3584 mare
516 3539 647 3600 potuisset,
664 3553 691 3587 se
707 3538 808 3586 oalantis
820 3546 875 3601 post
886 3543 983 3588 nahem.
1022 3542 1115 3590 Poetae
1132 3542 1247 3590 animalia
1263 3543 1390 3591 nominare
1407 3552 1494 3593 amant
1509 3562 1525 3594 a
1537 3562 1577 3597 re·

465 3618 534 3667 Acro
556 3628 639 3667 autem
661 3618 730 3667 aliud
747 3605 844 3682 'legisse
867 3619 982 3668 ridetur:
1023 3621 1106 3682 gione,
1132 3623 1158 3669 in
1184 3637 1233 3684 qua
1257 3637 1301 3670 seu
1326 3623 1420 3672 virtute
1445 3639 1491 3674 seu
1514 3627 1578 3678 vitio

433 3698 511 3754 „Post
526 3714 619 3761 magna
635 3698 712 3746 latere
729 3698 853 3761 sepulcra:
870 3698 981 3746 ioculari-
1021 3701 1167 3749 excellentia
1183 3709 1327 3749 nascuntur.
1352 3701 1494 3764 Regionum
1505 3706 1577 3756 Mar-

433 3784 483 3834 tar,
505 3792 538 3826 ne
555 3779 609 3841 quis
626 3792 656 3826 ea
673 3779 779 3833 videret,
801 3777 909 3825 latebant
925 3785 982 3840 post
1021 3782 1096 3828 sicam
1121 3781 1219 3844 plenam
1241 3781 1315 3830 firisse
1335 3789 1432 3845 oportet
1454 3789 1577 3850 serpenti·

433 3856 570 3919 sepulcra.“
611 3857 678 3905 Fieri
703 3863 798 3918 potest,
824 3865 852 3905 ut
876 3855 980 3919 legerit:
1021 3859 1067 3907 bus
1085 3867 1109 3908 et
1126 3860 1231 3908 colubris
1244 3860 1353 3909 maxime
1364 3866 1504 3923 venenatis,
1515 3869 1577 3930 quia

434 3933 567 3998 Serpentes
583 3942 659 3999 atque
675 3937 771 3984 maeres
799 3935 923 3998 Infernas
939 3952 979 3984 er·
1021 3939 1133 4001 magicus
1164 3940 1307 3987 Marsorum
1340 3946 1430 3989 cantus
1458 3943 1575 4007 inprimis

431 4027 492 4062 rare
502 4029 588 4072 canes,
602 4016 751 4077 Lunamque
765 4016 893 4063 rubentem
896 4032 906 4073 ,·
921 4011 980 4063 Nea
1021 4019 1104 4067 valere
1121 4019 1266 4067 credebatur
1283 4021 1314 4067 ad
1332 4035 1405 4069 omne
1417 4036 1499 4084 genus
1509 4024 1575 4074 illud

423 4092 498 4150 seret
520 4096 560 4142 bia
582 4096 666 4154 testis,
687 4100 743 4156 port
755 4109 847 4156 arraona
862 4096 980 4155 sepulcra
1020 4100 1199 4162 rumpendum,
1224 4107 1249 4147 et
1270 4099 1348 4147 Marsi
1371 4099 1419 4162 ipsi
1436 4104 1575 4154 domitores
1625 4128 1631 4135 ·

431 4175 552 4223 latebant.
586 4175 690 4222 Videras
707 4181 832 4238 serpentes
849 4180 923 4237 atque
939 4189 978 4222 ca·
1019 4182 1175 4240 serpentium
1196 4177 1359 4241 appellantur.
1393 4179 1428 4228 Et
1446 4182 1575 4234 veneficiae

431 4267 476 4301 nes
492 4268 587 4314 errare,
609 4262 633 4302 et
654 4256 768 4311 Lunam,
790 4270 853 4318 quae
869 4255 980 4306 facinora
1020 4258 1107 4307 herbas
1133 4265 1157 4306 et
1182 4257 1231 4304 alia
1254 4258 1435 4306 medicamenta
1460 4262 1575 4326 undique

432 4332 539 4382 istaiam
552 4335 660 4392 viderat,
673 4334 811 4395 rubentem,
823 4335 924 4395 rubere3
942 4350 978 4394 ac,
1019 4337 1143 4401 legebant.
1178 4338 1218 4386 De
1238 4338 1329 4386 Marsis
1351 4353 1415 4401 quae
1436 4341 1486 4389 aiei
1503 4350 1573 4405 poto·

432 4428 464 4462 ne
475 4415 530 4478 quis
541 4415 615 4464 homo
626 4416 664 4465 his
678 4416 748 4464 factis
758 4418 820 4465 foret
829 4417 979 4480 testis,ipsae
1019 4426 1088 4474 rant,
1106 4419 1169 4466 dixit
1186 4418 1304 4466 Heinsius
1322 4419 1353 4465 ad
1366 4416 1452 4468 Ovidii
1463 4422 1523 4471 Art.
1532 4424 1571 4474 II.

430 4495 554 4544 venaticae
569 4503 625 4559 post
640 4511 732 4559 magna
748 4497 860 4560 sepulcra
874 4497 978 4546 latentes
1022 4499 1075 4546 102.
1109 4499 1162 4546 Nos
1184 4499 1273 4546 addere
1294 4513 1425 4560 possumus
1446 4500 1570 4552 Fronton.

429 4573 476 4620 ista
492 4577 673 4637 perpetrabant.
1019 4593 1042 4640 p.
1059 4579 1115 4627 322.
1151 4580 1181 4628 Si
1203 4577 1293 4628 Marso
1318 4581 1375 4642 qnia
1395 4586 1472 4643 patre
1492 4587 1572 4632 natue

464 4651 562 4715 Moatra
583 4655 694 4717 sepulcra
714 4657 763 4703 iam
781 4657 978 4705 Wustemannus
1018 4660 1134 4720 viperas,
1160 4662 1285 4716 lacertae,
1313 4661 1423 4710 natrices
1451 4663 1569 4722 tirneret,

429 4733 514 4781 eodem
537 4733 586 4782 lere
608 4736 693 4793 modo,
714 4751 764 4798 qno
787 4736 977 4798 interpretabar,
1019 4753 1098 4786 raortne
1118 4741 1266 4801 deteriorare
1287 4741 1436 4790 videretur?
1461 4742 1503 4791 Ex
1520 4743 1569 4793 ista
