3750 5759
751 675 1134 741 SATIRARUM

414 863 555 931 Insidias
579 862 669 945 fieri,
693 861 900 947 pretiumque
923 860 1057 926 avellier
1080 867 1157 926 ante

415 968 520 1049 Quam
544 987 683 1032 mercem
710 964 862 1031 ostendi?
886 963 1070 1049 „Leporem
1092 968 1227 1029 venator
1249 970 1288 1030 ut
1305 965 1374 1030 alta

415 1073 479 1156 „in
502 1071 577 1136 nive
601 1074 764 1152 sectetur,
791 1067 937 1153 positum
962 1067 1009 1133 sic
1031 1072 1165 1153 tangere
1189 1067 1314 1133 nolit:“

414 1176 554 1258 Gantat,
579 1179 613 1239 et
635 1171 789 1258 apponit:
815 1193 930 1254 „meus
955 1175 1005 1235 est
1029 1192 1120 1236 amor
1142 1171 1218 1237 huic
1243 1170 1382 1248 similis3
1408 1193 1483 1236 nam

415 1277 630 1363 „Transvolat
652 1276 687 1340 in
710 1274 819 1340 medio
841 1274 967 1360 posito,
993 1279 1027 1339 et
1049 1273 1212 1360 fugientis
1235 1277 1380 1360 captat.“

414 1382 550 1448 Hiscine
573 1379 742 1446 versiculis
767 1401 876 1465 speras
902 1378 964 1444 tibi
986 1400 1082 1464 posse
1107 1378 1232 1444 dolores

413 1486 523 1571 Atque
546 1489 656 1550 aestus
680 1505 837 1568 curasque
859 1504 975 1568 graves
1000 1505 1017 1547 e
1038 1487 1169 1568 pectore
1192 1480 1295 1567 pelli?

413 1589 551 1671 Nonne,
576 1584 785 1671 cupidinibus
810 1590 936 1651 statuat
958 1589 1076 1650 nature
1098 1584 1234 1650 modum
1258 1605 1371 1670 quem,

415 1692 502 1773 Quid
524 1692 648 1774 latura,
672 1688 736 1754 sibi
759 1688 839 1775 quid
862 1690 907 1755 sit
930 1688 1073 1754 doliture
1095 1693 1268 1774 negatum,

368 1827 418 1876 ium
435 1827 518 1876 sensit.
535 1824 640 1874 Altera?
657 1824 705 1872 Est
721 1823 747 1870 in
764 1822 830 1873 Cois.
848 1822 916 1873 Coae
957 1824 1085 1886 plicenter,
1096 1824 1150 1873 sine
1160 1830 1228 1874 certo
1238 1789 1353 1882 consilio:
1370 1838 1450 1887 neque
1463 1839 1505 1886 pro

368 1907 403 1955 nil
415 1908 459 1956 tibi
472 1906 583 1964 obstant,
601 1903 636 1951 nil
650 1902 761 1951 officiunt
774 1903 916 1953 oculistuis.
958 1900 1020 1962 εἰκῆ,
1038 1902 1072 1960 ὡς
1089 1902 1188 1966 ἔτυχεν,
1204 1908 1339 1965 ponuntur
1356 1903 1504 1966 Interpretes

368 1984 447 2034 Vides
464 1999 542 2049 paene
566 1990 594 2031 ut
615 1984 721 2031 nudam:
742 1982 861 2032 videsne
885 1983 917 2033 sit
957 1981 1049 2032 Joann.
1067 1981 1116 2030 IV.
1134 1981 1157 2030 6.
1174 1982 1276 2030 meliora
1292 1981 1375 2029 docuit
1388 1981 1503 2031 Winerus

288 2095 292 2102 ·
368 2077 440 2113 crure
460 2065 538 2122 malo,
563 2079 595 2111 an
615 2063 658 2122 sit,
682 2077 728 2111 nec
752 2077 784 2111 ne
803 2064 841 2112 sit.
876 2066 918 2113 Ne
958 2060 1096 2110 Grammat.
1114 2076 1137 2124 p.
1154 2061 1210 2113 702.
1244 2061 1297 2124 Ipsi
1313 2062 1444 2124 scriptores
1461 2061 1504 2123 igi·

369 2144 394 2192 in
416 2145 460 2193 tali
480 2146 630 2194 dubitatione
654 2145 814 2208 productum,
838 2149 866 2191 ut
890 2143 916 2191 in
957 2147 998 2189 tur
1009 2155 1082 2204 saepe
1097 2141 1189 2206 aliquid
1205 2141 1347 2205 explicandi
1363 2156 1450 2189 caussa
1465 2142 1504 2189 ad·

369 2223 498 2289 Calpurnii
513 2224 600 2286 Eclog.
609 2224 643 2273 V.
652 2223 692 2276 72.
711 2225 762 2272 Sed
778 2224 824 2271 tibi
840 2239 916 2286 quum
957 2221 1032 2277 dunt,
1049 2223 1084 2269 ric
1101 2223 1218 2280 tenuiter,
1235 2220 1300 2271 cliro
1315 2219 1377 2283 εἰκῆ,
1395 2219 1488 2270 similia.

368 2320 461 2353 vacuus
475 2306 558 2367 posito
574 2306 695 2352 velamine
715 2308 795 2352 costas
828 2304 916 2350 Deua·
991 2300 1144 2350 Doderlinus
1161 2301 1268 2364 praefert
1280 2301 1428 2364 scripturam
1445 2300 1503 2351 Cod.

369 2384 440 2431 dabit
456 2385 521 2441 coia,
539 2384 711 2445 circunspice,
735 2397 767 2430 ne
787 2382 823 2429 eit
840 2387 916 2430 acuta
957 2378 1062 2428 Dessav.
1073 2383 1185 2443 positam
1194 2385 1217 2430 ai
1226 2388 1328 2445 torpere
1336 2383 1409 2430 nolit.
1426 2381 1504 2444 Lepo-

370 2462 468 2524 Fcrfice
484 2464 554 2510 luera
570 2464 644 2510 cutis.
957 2472 1010 2506 rem
1020 2467 1126 2509 sectatur
1138 2461 1163 2508 in
1174 2461 1245 2519 nive,
1255 2460 1368 2524 quamvis
1382 2460 1409 2508 in
1420 2474 1505 2509 mensa

401 2540 552 2590 Doderlinus
575 2539 700 2588 distinxit:
723 2542 806 2589 altera
823 2540 861 2587 nil
876 2542 915 2588 ob·
956 2539 1062 2600 positum
1079 2547 1181 2603 tangere
1190 2540 1274 2589 nollet.
1293 2541 1323 2589 Si
1334 2554 1378 2603 pro
1390 2541 1503 2596 etiami,

367 2626 421 2668 stat
452 2620 523 2682 (Cois
551 2621 598 2668 tibi
612 2635 692 2681 pacare
707 2621 791 2668 videre
805 2624 842 2667 eat
879 2620 916 2666 Ut
957 2625 982 2666 et
1005 2621 1116 2682 positam
1140 2635 1185 2683 pro
1214 2622 1360 2682 oppositum
1385 2619 1503 2682 exemplis

368 2700 473 2761 amnt)
496 2715 527 2748 ne
548 2714 623 2748 crure
648 2701 725 2756 vualo,
750 2714 781 2746 ne
804 2699 840 2746 sit
854 2699 916 2759 pede
957 2697 1099 2746 Horatianis
1108 2699 1243 2748 confirmat.
1262 2698 1415 2749 Sententiam
1423 2713 1502 2748 meam

369 2780 448 2840 turpi.
472 2779 513 2827 Ita
530 2795 560 2828 ne
575 2779 700 2842 pendete
723 2780 761 2827 nil
777 2779 875 2837 obstat,
891 2783 916 2825 et
956 2791 1008 2826 non
1022 2785 1101 2827 muto.
1136 2781 1242 2827 Poritas
1258 2780 1329 2841 lepus
1350 2779 1455 2828 eandem
1474 2780 1502 2828 si-

368 2858 415 2915 sit,
430 2859 503 2906 modo
514 2858 668 2922 praegnanti,
685 2858 749 2906 idem
766 2862 811 2915 est,
825 2871 915 2906 uccer-
956 2857 1140 2919 gnificationem
1174 2857 1289 2921 requirit,
1314 2871 1390 2921 quum
1413 2859 1503 2908 habent

368 2943 448 2986 natur
465 2954 529 2997 esse,
548 2943 680 3001 appareat.
715 2937 847 3000 Alioquin,
866 2936 914 2994 ait,
954 2939 1039 2998 positu
1056 2938 1182 2986 tnmeda'c.
1200 2937 1317 2985 Horatius
1330 2938 1407 2986 utitur
1418 2940 1502 2988 eodem

368 3017 451 3064 altera
467 3017 543 3079 accipi
567 3017 639 3066 debet
661 3016 783 3075 absolute,
809 3014 863 3073 vel,
887 3021 915 3063 ut
956 3016 1043 3075 verbo,
1061 3015 1227 3066 Callimachus
1244 3016 1359 3076 diversis,
1376 3016 1503 3081 βέβληται

367 3095 573 3157 Dillenburgerus
583 3096 766 3158 interpretatur,
778 3096 916 3144 sententiae
956 3103 981 3144 et
997 3096 1024 3145 ἐν
1041 3095 1124 3161 μέσσῳ
1143 3096 1252 3160 κείμενα.

360 3169 440 3233 filum
466 3174 603 3233 abruptum
621 3187 652 3220 ea
668 3173 810 3220 imitatione
825 3189 915 3222 anmo—
991 3175 1061 3234 Quid
1076 3176 1178 3233 latura,
1195 3177 1244 3223 sibi
1260 3177 1323 3237 qaid
1337 3178 1373 3223 sit
1390 3178 1503 3226 delitare

367 3251 408 3298 nis
424 3251 574 3313 quotidiani.
601 3248 651 3299 Sed
671 3250 759 3298 melius
781 3259 818 3300 est
837 3253 915 3301 nomi·
956 3260 1081 3317 nepetam.
1124 3253 1241 3317 Optimus
1266 3254 1386 3317 interpres
1414 3256 1503 3304 mentis

368 3330 464 3378 nativos
480 3329 552 3388 istos,
576 3343 627 3377 non
648 3329 697 3378 nisi
718 3329 833 3379 ultimum
850 3331 915 3380 refu·
955 3334 1108 3384 Horatianae
1125 3339 1162 3382 est
1179 3332 1272 3382 Seneca
1281 3334 1361 3396 Epist.
1377 3335 1431 3384 119.
1452 3338 1504 3386 Nec

368 3409 450 3471 gium,
467 3409 589 3457 adbibere.
624 3409 694 3457 Haec
709 3409 869 3460 Doderlinus.
955 3415 1020 3462 illud
1032 3414 1171 3476 praecipio,
1188 3419 1218 3461 at
1235 3416 1334 3476 aliquid
1343 3421 1453 3465 naturae
1464 3432 1503 3464 ne-

401 3492 520 3539 Pcaitum
536 3491 573 3538 sic
591 3497 692 3552 torpere
707 3492 778 3538 nolit.
800 3491 915 3540 Venatur
955 3507 1008 3556 pes:
1026 3498 1228 3550 contumescit,
1251 3508 1301 3541 non
1319 3498 1404 3554 potest
1422 3496 1501 3554 cirici,

367 3570 477 3633 leporem
494 3569 519 3617 in
536 3568 586 3616 alta
602 3569 659 3618 nive
680 3569 833 3631 fugientem,
848 3569 914 3632 lepo-
955 3587 1029 3621 auam
1043 3573 1135 3635 poscit:
1154 3573 1199 3620 sed
1219 3577 1262 3629 at,
1284 3575 1410 3636 quidquid
1429 3582 1503 3624 auta-

368 3663 420 3699 rem
447 3650 481 3698 sic
502 3648 624 3712 positum,
649 3656 677 3696 ut
698 3649 807 3712 positum
833 3649 914 3709 videt,
955 3665 1012 3698 ram
1040 3651 1150 3708 cecedit,
1177 3651 1243 3700 acies
1266 3654 1414 3714 precarium
1441 3669 1503 3710 este,

367 3746 391 3778 v.
409 3744 430 3778 c.
447 3730 473 3777 in
489 3729 547 3776 nido
569 3730 703 3787 iacentem,
726 3734 754 3775 ut
770 3728 821 3776 fere
837 3742 915 3775 manu
955 3745 1005 3779 ricc
1028 3731 1204 3779 necessariam.
1246 3732 1355 3791 Eraria:
1382 3734 1503 3782 edendum

368 3809 519 3871 prehendere
530 3806 614 3870 possit,
624 3805 753 3855 interiectu
764 3806 914 3866 facillimum,
955 3815 999 3858 est.
1039 3812 1134 3858 Utrum
1159 3811 1200 3859 hic
1222 3812 1297 3874 panis
1321 3813 1358 3861 sit
1380 3814 1503 3874 plebeias,

368 3901 419 3936 non
430 3886 484 3936 vult
500 3894 609 3948 tangere.
626 3884 832 3949 PlautAmphit.
845 3887 879 3936 V.
894 3901 913 3936 1.
955 3904 989 3937 aa
1005 3889 1141 3951 silipinem,
1158 3891 1193 3938 ad
1208 3896 1329 3940 naturam
1345 3889 1413 3940 nibil
1425 3893 1502 3954 perti·

367 3966 408 4014 20.
428 3966 494 4024 Quis
511 3967 551 4015 bic
567 3971 605 4014 eat
621 3980 708 4023 senex,
721 3967 833 4028 quiante
844 3968 913 4016 ced-is
955 3973 1004 4017 net.
1039 3969 1094 4016 Illa
1111 3974 1222 4018 ventrem
1239 3985 1288 4018 aon
1300 3969 1421 4020 delectori
1441 3973 1502 4029 vult,

367 4050 471 4094 nostras
486 4047 522 4095 sic
538 4048 618 4095 iacet?
634 4061 756 4094 nucinam
773 4048 839 4095 bunc
851 4063 911 4110 per·
954 4049 996 4095 red
1015 4049 1125 4109 irrupturi.
1159 4048 1270 4108 Natura,
1291 4048 1351 4097 dicit
1371 4050 1503 4107 Horatius,

367 4127 444 4174 cusat
462 4125 599 4189 Iuppiter?
626 4124 707 4173 Credo
723 4126 823 4186 edepol.-
845 4143 912 4186 nam,
954 4126 1108 4190 cupidinibus
1124 4127 1175 4176 suis
1192 4130 1293 4178 modum
1310 4129 1410 4189 statuit,
1427 4139 1452 4180 et
1463 4145 1502 4179 su·

365 4207 430 4268 prclt
447 4206 582 4267 Iuppiter!
599 4206 713 4267 sepultus
724 4209 772 4262 est,
789 4208 862 4264 quast
878 4209 914 4256 sit
953 4221 1088 4270 pervacuus
1104 4207 1152 4255 sibi
1169 4208 1256 4271 negari
1273 4208 1342 4257 facilc
1354 4209 1413 4257 fert:
1429 4209 1456 4257 in
1467 4224 1502 4273 sq.

367 4290 486 4332 mortuus.
515 4283 666 4346 significatio
677 4283 811 4346 particulae
824 4287 861 4335 sic
876 4294 913 4335 cst
954 4285 1054 4334 haereo:
1072 4287 1140 4335 deest
1156 4287 1223 4336 enim
1240 4288 1299 4352 quid
1320 4296 1416 4351 poscat,
1438 4292 1502 4354 quod

367 4362 509 4427 multiplex,
533 4378 630 4427 semper
646 4378 679 4412 ex
699 4364 820 4412 sententia
838 4363 912 4413 totius
953 4363 1000 4412 sibi
1015 4365 1102 4428 negari
1118 4380 1168 4415 non
1186 4366 1255 4416 ferat.
1287 4368 1404 4417 Fortasse
1419 4368 1502 4433 legen-

367 4441 414 4490 loci
428 4442 563 4491 efficienda.
585 4444 681 4492 Eadem
696 4448 733 4490 est
749 4443 812 4493 ratio
825 4443 913 4494 Graeci
954 4443 1025 4491 dum:
1054 4445 1124 4502 Quid
1147 4448 1225 4495 latret
1245 4448 1294 4495 sibi
1315 4463 1362 4509 qao
1383 4450 1418 4496 sit
1440 4452 1501 4498 doli·

368 4520 460 4582 οὕτως,
486 4521 516 4568 de
541 4535 590 4584 quo
615 4528 668 4569 tum
693 4521 781 4570 certius
798 4522 913 4571 constitui
954 4527 1016 4570 tara
1032 4529 1129 4586 nepotc.
1164 4524 1304 4589 Quid,quo
1315 4534 1405 4590 negato
1416 4528 1449 4578 sit
1460 4531 1500 4578 do-

367 4607 459 4662 potest,
484 4600 505 4648 si
529 4600 683 4663 participium
706 4602 833 4650 antecedit.
869 4603 913 4652 Sic
953 4601 1039 4660 litura,
1056 4603 1102 4651 sibi
1119 4603 1199 4654 latret.
1233 4606 1288 4655 Hoc
1308 4605 1385 4669 igitur
1406 4615 1443 4657 est
1459 4624 1500 4658 nc.

368 4687 392 4729 et
410 4679 487 4738 οὕτως
504 4693 548 4742 per
567 4694 593 4728 se
612 4694 662 4729 non
686 4694 731 4742 pro
753 4686 854 4739 temere,
872 4696 911 4730 ne·
954 4681 1099 4739 cessarium,
1126 4691 1149 4734 et
1172 4693 1297 4748 tamquam
1318 4701 1391 4734 suum
1412 4689 1500 4750 poscit:
