3750 5759
389 708 450 772 152
775 696 1124 765 SATIRARUM

434 888 647 975 Principium.
696 889 819 953 Romae
843 907 1032 971 sponsorem
1055 906 1108 950 me
1130 885 1238 971 rapis:
1264 889 1353 971 „Eia

433 994 484 1058 Ne
506 993 595 1079 prior
617 991 722 1059 officio
745 990 918 1077 quisquam
941 989 1151 1074 respondeat,
1176 991 1300 1076 urgel“

434 1097 510 1164 Sive
532 1097 641 1182 aquilo
664 1095 751 1161 radit
773 1100 894 1175 terras,
919 1115 977 1158 seu
998 1092 1115 1157 bruma
1136 1092 1280 1160 nivalem

432 1202 589 1268 interiore
612 1200 699 1267 diem
721 1220 801 1286 gyro
825 1196 945 1280 trahit,
969 1196 1015 1262 ire
1038 1217 1169 1262 necesse
1192 1203 1250 1264 est

432 1307 627 1389 Postmodo,
652 1305 739 1391 quod
760 1306 807 1370 mi
831 1302 933 1385 obsit,
958 1302 1042 1367 clare
1066 1308 1254 1389 certumque
1276 1306 1391 1374 locuto

433 1411 639 1476 Luctandum
662 1409 697 1472 in
721 1408 817 1474 turba
833 1410 873 1472 ‘et
894 1405 1043 1472 facienda
1065 1405 1186 1472 iniuria
1209 1408 1321 1476 tardis.

431 1514 541 1598 „Quid
564 1516 632 1600 vis,
656 1515 787 1596 insane,
811 1519 845 1578 et
868 1533 948 1597 quas
972 1533 1022 1576 res
1046 1511 1119 1596 agis
1128 1512 1165 1576 ?“
1189 1512 1358 1598 improbus
1384 1523 1486 1603 urget

431 1619 528 1684 iratis
552 1619 720 1706 precibus3
746 1624 807 1701 „tu
828 1616 939 1701 pulses
964 1636 1076 1698 omne,
1101 1616 1188 1701 quod
1211 1618 1340 1703 obstat,

429 1723 483 1789 Ad
505 1724 728 1789 Maecenatem
750 1720 886 1787 memori
909 1719 939 1785 si
960 1724 1071 1784 mente
1094 1723 1278 1786 recurras?“

430 1826 502 1893 Hoc
524 1827 617 1893 iuvat
639 1834 673 1892 et
693 1824 787 1891 melli
809 1828 876 1906 est,
900 1844 968 1887 non
997 1822 1145 1888 mentiar.
1192 1822 1240 1888 At
1263 1823 1363 1890 simul
1388 1832 1481 1895 atras

428 1930 573 1996 Ventum
596 1936 647 1997 est
671 1928 855 2015 Esquiliae,
881 1927 988 1991 aliena
1011 1926 1143 2011 negotia
1166 1933 1298 1993 centum

430 2034 493 2099 Per
515 2040 613 2121 caput
635 2041 669 2100 ct
687 2034 772 2101 circa
795 2032 920 2098 saliunt
942 2031 1039 2096 latus.
1088 2031 1200 2114 „Ante
1223 2033 1401 2100 secundam

429 2139 567 2206 Roscius
591 2141 705 2205 orabat
728 2138 792 2204 sibi
815 2137 944 2203 adesses
973 2136 1014 2201 ad
1038 2137 1156 2202 Puteal
1178 2160 1257 2204 oras.

429 2241 478 2306 De
501 2264 535 2307 re
557 2242 724 2308 communi
747 2241 870 2307 scribae
892 2261 1013 2324 magna
1035 2244 1133 2325 atque
1156 2262 1241 2306 nova
1264 2248 1297 2307 te

429 2343 575 2411 Orabant
597 2346 693 2412 hodie
716 2345 943 2426 meminisses,
969 2342 1107 2427 Quinte,
1131 2345 1257 2411 reverti.

381 2500 440 2549 pore
457 2501 531 2550 opera
547 2503 632 2538 rursus
649 2495 798 2552 repeterent,
817 2487 925 2536 eosdem·
967 2488 1051 2534 cutem
1067 2488 1220 2550 irrependum
1237 2494 1274 2537 est
1290 2491 1319 2538 in
1335 2490 1385 2538 via.
1402 2489 1478 2538 Idem
1494 2491 1519 2538 in

382 2579 429 2628 que
446 2565 541 2616 labores
558 2576 583 2617 et
593 2583 665 2618 curas
676 2568 855 2632 experirentur.
873 2567 925 2615 Ho—
968 2563 1052 2614 Sticho
1069 2566 1106 2615 Π.
1123 2580 1141 2614 1.
1160 2569 1197 2617 12.
1217 2571 1277 2631 Ape,
1289 2574 1318 2616 ut
1326 2569 1421 2629 placet,
1434 2584 1516 2626 curre,

381 2645 460 2694 mines
478 2661 532 2713 'non
554 2647 602 2696 alia
622 2649 761 2697 conditione
782 2648 834 2696 nati
859 2653 925 2695 sunt.
967 2650 997 2691 ut
1014 2646 1091 2702 lutet,
1108 2660 1327 2709 cutequemquam
1340 2646 1517 2710 floedfecere'r.

380 2725 440 2774 Non
465 2727 624 2790 interpreter,
651 2729 699 2776 hoc
726 2728 774 2777 Dis
805 2727 924 2790 placitum
969 2722 1070 2772 Cubitte
1091 2725 1194 2785 depulso
1215 2726 1245 2774 cte
1268 2727 1322 2782 cia,
1348 2726 1517 2788 tranquillum

380 2805 467 2864 fusse,
484 2816 512 2855 ut
537 2810 620 2856 Ianus
633 2812 696 2856 esset
716 2806 786 2856 Deus
802 2809 925 2855 matutini
965 2803 1085 2851 couneus
1102 2805 1176 2853 cium.
1205 2804 1256 2854 Ubi
1273 2805 1367 2854 adiectu
1385 2812 1422 2854 est
1439 2821 1515 2854 anno-

380 2889 511 2950 tempcrir,
534 2888 600 2951 quod
620 2887 699 2935 voluit
725 2885 924 2935 commentator:
965 2881 1027 2929 tatio
1053 2881 1187 2945 scaligeri:
1213 2887 1373 2947 „Perurpere
1399 2892 1436 2933 est
1461 2900 1514 2948 per·

379 2974 424 3024 „ut
434 2973 462 3014 tu
474 2967 508 3016 sis
519 2968 714 3030 incipiendorum
722 2980 806 3014 rerum
815 2968 924 3013 auctor.“
965 2974 1079 3023 rumpere
1098 2962 1209 3022 turbam,
1226 2964 1392 3024 carucatam
1408 2980 1455 3027 pro
1466 2980 1515 3028 quo

416 3047 495 3106 Urpet
529 3049 613 3094 Iram
621 3048 747 3107 precihus,
776 3045 867 3095 Omnia
885 3061 923 3094 re·
969 3039 1089 3090 Horatius
1106 3042 1143 3091 Π.
1160 3042 1235 3092 Satir.
1253 3057 1291 3091 vr.
1310 3045 1433 3103 faciendo
1450 3046 1514 3093 irrin-

378 3122 442 3170 ctius
458 3123 493 3172 ita
511 3127 595 3173 tardis
609 3124 760 3174 tribuentur:
789 3126 859 3183 Quid
875 3127 924 3173 titi
965 3121 1007 3166 ria
1024 3123 1114 3170 tardis.
1137 3123 1169 3170 In
1185 3123 1265 3184 Epist.
1282 3123 1385 3185 Epicuri
1403 3138 1456 3172 non
1473 3124 1512 3172 ab·

378 3203 424 3261 vis,
437 3205 533 3263 imane,
555 3209 581 3252 et
600 3221 675 3267 quam
695 3220 748 3253 rem
765 3203 844 3267 apis?
869 3205 922 3252 Im·
965 3197 1045 3247 simile
1062 3201 1217 3263 τρικυλιστός
1235 3201 1282 3266 εἰμι
1299 3202 1487 3254 ἀπωθεῖσθαι.“

375 3285 470 3344 probus
496 3301 569 3349 trees
602 3287 688 3335 Irattr
709 3285 846 3348 precibus?
882 3287 922 3333 Tu
997 3277 1146 3329 Doderlinus
1157 3282 1239 3345 iungit
1254 3283 1380 3344 improbae
1391 3285 1510 3346 apicio.

373 3365 461 3426 purge,
480 3380 561 3424 omne,
578 3367 644 3428 quod
664 3368 761 3425 omae,
788 3367 832 3413 Aa
852 3365 922 3414 Mae.
964 3358 1510 3426 sinemoreetmodo,inrportunus,impudens.

376 3449 487 3492 cenarem
509 3446 611 3493 mentori
635 3447 657 3493 si
677 3451 760 3494 mente
783 3448 921 3495 recurres?
963 3437 1509 3509 Poittminiustedicturumtmproeusurpes.

375 3522 428 3571 Nos
442 3523 581 3586 improbus,
600 3524 717 3587 impiger,
733 3525 863 3587 impudens
879 3540 920 3572 ur·
998 3519 1054 3567 Hoc
1078 3520 1164 3579 iuvat,
1185 3526 1210 3570 et
1232 3523 1300 3571 melli
1323 3528 1369 3572 eat.
1403 3524 1509 3575 Plautus

374 3617 430 3665 ges,
447 3611 485 3661 et,
502 3605 524 3653 si
542 3619 593 3653 non
609 3605 692 3653 statim
711 3606 833 3663 cedimus,
853 3605 921 3654 mala
963 3596 1065 3646 Tmen,
1077 3598 1126 3648 iv.
1137 3614 1155 3647 1.
1165 3601 1188 3650 6.
1208 3601 1273 3650 Cum
1290 3603 1334 3651 hcc
1350 3604 1403 3656 tam
1421 3607 1509 3669 volupe

374 3683 530 3746 imprecaris?
565 3685 639 3732 Tune
664 3684 709 3732 tibi
731 3684 838 3733 liberum
866 3701 919 3734 esse
963 3677 1003 3735 tt,
1019 3684 1074 3726 tum
1092 3683 1135 3730 hoc
1155 3683 1232 3730 nimio
1252 3697 1356 3744 maynae
1383 3684 1509 3734 meditatae

373 3769 446 3825 putes
460 3777 545 3822 omne,
561 3764 628 3826 quod
644 3763 733 3823 obstat,
749 3765 864 3826 pulsare?
884 3767 919 3815 Et
961 3761 1032 3807 rothi.
1048 3754 1142 3809 cinna
1157 3761 1507 3814 Lucret.1.759.venenoest.

374 3841 560 3891 Commentator
592 3842 682 3904 legisse
714 3845 812 3892 videtur
837 3861 917 3908 orpes.
994 3842 1211 3890 coemuranae
1241 3844 1347 3890 Ventum
1359 3849 1396 3891 est
1413 3846 1506 3906 Esqui-

373 3922 499 3981 „Tardr's,
516 3935 578 3984 quos
594 3920 665 3983 pulso
677 3929 702 3969 et
719 3927 821 3984 urgeo.“
839 3923 917 3972 Tardi
959 3921 1017 3969 iias.
1050 3919 1082 3968 In
1108 3919 1169 3970 Ood.
1194 3921 1276 3971 Berol.
1294 3924 1371 3971 altas.
1388 3923 1505 3986 Apitzins

372 4016 433 4064 ergo
458 4001 582 4050 dicebant:
608 4007 635 4050 tu
662 4006 750 4065 urges?
775 4010 800 4051 et
823 4005 916 4067 pulses.
958 3999 1081 4062 praefert,
1098 4002 1157 4064 quia
1178 4001 1305 4066 Esquiliae
1326 4016 1376 4049 non
1398 4002 1504 4065 amplius

371 4080 477 4130 Plautus
494 4096 547 4129 rem
570 4080 651 4144 lepide
673 4089 730 4129 ante
746 4082 829 4131 oculos
846 4085 916 4146 ponit
958 4085 1029 4126 erant
1045 4085 1125 4128 atrae·
1146 4081 1181 4128 Et
1196 4094 1243 4143 ego
1260 4079 1404 4142 praeferam.
1433 4081 1503 4131 Alio·

370 4161 398 4210 in
415 4163 519 4212 Mercat.
536 4161 558 4211 Ι.
575 4176 604 4210 11.
622 4163 646 4212 i.
672 4162 756 4212 Simul
770 4166 914 4227 eutenrple-
957 4159 1017 4222 quin
1041 4161 1199 4209 statuendum
1224 4168 1276 4220 est,
1302 4161 1366 4209 hanc
1394 4160 1502 4211 Satiram

369 4244 472 4292 ausim
487 4257 534 4303 eor,
550 4243 595 4304 qui
611 4243 744 4290 advenum
755 4248 824 4301 eunt,
835 4245 914 4305 aspel-
956 4240 999 4288 diu
1015 4240 1131 4304 scriptam
1155 4247 1213 4290 ante
1230 4241 1355 4304 Esquilias
1372 4242 1400 4288 in
1418 4241 1502 4291 hortos

369 4323 427 4380 tito,
446 4323 574 4378 Detrude.
590 4324 697 4371 deturba
712 4326 740 4371 in
755 4324 834 4372 maor:
854 4325 913 4374 haee
955 4328 1071 4378 mutatas,
1088 4328 1161 4384 atque
1178 4321 1305 4369 adeoante
1317 4319 1391 4370 Satir.
1405 4320 1426 4370 1.
1440 4335 1501 4370 vm.

369 4400 410 4449 hic
425 4402 562 4464 discipline
577 4416 692 4464 pessumo
708 4407 753 4451 est.
781 4402 911 4462 Currenti,
954 4407 1027 4463 atque
1044 4401 1079 4448 ita
1095 4399 1291 4450 Commentator:
1310 4400 1498 4464 „Esquiliaelo-

366 4483 519 4541 properanti
551 4482 621 4529 huod
646 4483 780 4544 quisquam
808 4484 911 4545 dippum
953 4494 996 4527 ons
1010 4485 1076 4536 erat,
1089 4479 1133 4526 ubi
1149 4479 1272 4542 peregrini
1289 4486 1313 4527 et
1329 4494 1450 4542 pauperes
1462 4496 1499 4530 se-

367 4559 441 4606 habet
466 4561 586 4610 decedere.
622 4563 667 4609 Ita
693 4567 745 4610 tres
765 4563 855 4611 simitu
871 4578 912 4612 res
952 4559 1113 4621 poliebantur.
1131 4558 1223 4607 Postea
1238 4558 1304 4606 horti
1321 4558 1498 4608 Maecenatis.·⁴

366 4637 475 4696 syeniae
490 4643 562 4696 sunt,
586 4641 684 4701 quando
709 4655 787 4688 unam
803 4655 911 4703 occoepe*
951 4639 1086 4701 Nunquam
1103 4644 1168 4685 certe
1184 4637 1330 4699 interpreter
1346 4644 1427 4696 atres,
1439 4639 1498 4702 quia

366 4714 420 4763 rit:
438 4717 478 4766 Et
494 4719 654 4781 tumendum,
669 4725 695 4768 et
705 4721 910 4782 meardenae
952 4716 1009 4766 olim
1031 4716 1064 4764 ibi
1081 4723 1181 4766 steterat
1202 4731 1331 4766 commune
1348 4717 1496 4781 sepulcrum.
