3750 5759
372 706 435 766 lte

764 702 1116 805 SATIRARUM

413 891 514 975 Terga
537 890 661 975 plector
684 888 781 953 enirn.
832 888 896 968 Qui
920 897 957 954 tu
981 887 1174 974 impunitior
1199 887 1274 968 illa,

414 993 504 1072 Quae
526 1015 626 1078 parvo
650 992 736 1056 sumi
760 998 946 1077 nequeunt,

971 992 1107 1078 opsonia
1129 992 1261 1074 captas?

414 1096 541 1182 Nempe
564 1096 809 1161 inamarescunt
833 1095 948 1181 epulae
972 1096 1043 1161 sine
1065 1095 1131 1159 fine
1154 1092 1292 1179 petitae,

413 1200 573 1284 Illusique
595 1199 694 1286 pedes
717 1199 875 1264 vitiosum
899 1199 981 1263 ferre
1003 1203 1156 1264 recusant

414 1303 548 1388 Corpus.
596 1302 650 1367 An
673 1302 727 1367 hic
750 1308 879 1387 peccat,
904 1303 965 1368 sub
990 1307 1119 1366 noctem
1143 1299 1197 1385 qui
1221 1319 1302 1382 puer
1325 1319 1422 1362 uvam

414 1405 551 1471 Furtiva
573 1411 682 1471 mutat
705 1404 845 1489 strigili3
871 1405 927 1490 qui
950 1404 1083 1490 praedia
1105 1402 1238 1484 vendit,
1329 1484 1333 1493 Ι

413 1508 471 1572 Nil
495 1509 627 1591 servile,
652 1509 749 1594 gulae
772 1530 905 1593 parens,
931 1509 1052 1574 habet?
1097 1508 1208 1589 Adde,
1234 1505 1322 1591 quod
1343 1503 1429 1567 idern

413 1610 487 1674 Non
511 1611 626 1691 horam
649 1616 756 1676 tecum
780 1632 851 1675 esse
874 1616 986 1695 potes,
1012 1632 1077 1674 non
1102 1610 1169 1675 otia
1192 1613 1279 1674 recte

368 1781 505 1839 nequeunt,
517 1777 736 1840 opsonincnptas?
760 1779 858 1827 Verum
870 1785 918 1826 cst:

369 1870 416 1918 ego
431 1855 527 1919 plector
545 1862 628 1916 tergo,
646 1856 706 1903 hacc
717 1863 754 1904 est
765 1871 821 1904 mea
832 1873 918 1921 poena.

370 1933 410 1982 Tu
429 1941 580 1982 autemnon
597 1949 622 1983 es
641 1935 795 1997 impunitior,
817 1943 845 1983 tu
862 1949 920 1982 vero

368 2015 493 2068 atenim,
515 2019 543 2059 tu
566 2016 646 2075 mapis
663 2015 757 2077 puniris
781 2015 808 2063 in
830 2021 919 2061 stoma·

370 2091 431 2149 cho,
457 2106 532 2154 quam
551 2106 597 2153 ogo
614 2093 640 2140 in
657 2098 736 2155 tergo.
771 2095 864 2151 Enim,
888 2094 919 2141 si·

370 2168 528 2231 gnificatione
540 2170 703 2228 adversandi,
720 2172 786 2233 apud
797 2169 919 2228 Comicae,

368 2263 429 2312 quos
438 2249 557 2296 Horatius
569 2264 619 2297 non
629 2250 705 2298 semel
713 2251 837 2309 imitatur,
847 2264 920 2312 saepe

369 2328 396 2375 in
412 2328 531 2390 principio
548 2329 664 2376 orationis
681 2329 792 2391 ponitur,
814 2345 829 2376 a
845 2327 919 2375 libra-

368 2408 411 2456 riis
428 2421 478 2455 non
489 2407 647 2457 intellectum.
681 2408 764 2457 Plaut.
776 2409 832 2457 Mil.
849 2409 918 2459 Glor.

369 2486 406 2535 H.
424 2500 450 2534 v.
470 2488 507 2534 19.
535 2490 568 2535 Ρ.
583 2488 653 2546 Quid
664 2488 774 2536 nuruis?
799 2488 826 2536 S.
838 2490 919 2535 Enim

368 2581 399 2613 ne
416 2572 509 2614 nosnret
523 2569 709 2627 perdiderimus
721 2570 827 2630 uspiam.
845 2567 918 2616 Conf.

368 2641 483 2692 Oudend.
510 2645 541 2692 ad
567 2645 661 2708 Appul.
690 2646 794 2694 Metam.
821 2646 869 2695 IV.
895 2662 919 2709 p.

368 2725 424 2772 255.
453 2724 618 2773 Ruhnkenius
636 2726 667 2772 ad
685 2725 796 2773 Terentii
815 2726 920 2775 Phorm.

368 2803 416 2850 IV.
433 2817 471 2851 rr.
491 2805 528 2852 13.
545 2812 640 2862 censet,
657 2804 715 2852 solis
728 2803 848 2862 Comicis,
860 2820 920 2867 quos

368 2882 508 2945 Appuleius
519 2884 642 2941 imitatur,
651 2886 770 2932 usitatum
782 2899 846 2941 csse,
857 2886 922 2933 hanc

368 2961 515 3022 particulam
539 2964 721 3011 adversativam
744 2964 775 3010 ab
791 2964 862 3011 initio
878 2979 921 3026 po·

368 3053 435 3086 nere.
444 3039 587 3088 Gronovius
592 3040 692 3103 quidem
697 3040 728 3086 ad
733 3041 920 3089 Liv.XXXlV.

369 3120 409 3167 32.
435 3134 485 3167 non
512 3121 546 3168 ita
574 3119 680 3175 censuit,
706 3119 749 3181 qui
773 3119 920 3181 exemplae

369 3198 443 3246 Livio
458 3198 539 3247 affert.

404 3279 423 3324 I
423 3280 533 3341 Itusique
551 3279 627 3339 pedes
642 3279 760 3326 uitiosum
766 3277 840 3339 ferre
851 3293 919 3326 recu·

321 3418 326 3424 .
369 3364 426 3405 seat
452 3358 558 3420 Corpus.
594 3356 789 3406 commentator:
809 3357 918 3414 „litusit

368 3436 528 3494 vacillantes,
554 3436 700 3492 titubantes,
725 3441 852 3498 tamquam
879 3435 919 3483 de-

370 3516 434 3578 cepti
450 3516 529 3563 multo
545 3516 605 3562 rino
622 3523 647 3563 et
672 3515 748 3563 cibo.“
784 3513 812 3563 Si
836 3514 917 3562 Hora-

368 3594 416 3645 tius
442 3595 538 3658 scripsit
562 3596 643 3652 illusi,
674 3595 794 3656 cogitasse
819 3593 918 3641 videtur

370 3671 494 3722 Graecum
512 3672 694 3729 ὑποσκελίζειν,
711 3688 760 3736 quo
771 3671 850 3720 utitur
861 3687 886 3719 v.
895 3687 917 3720 c.

369 3752 484 3800 Eubulus
504 3752 534 3799 de
554 3751 623 3799 vino:
650 3753 733 3807 πολὺς
758 3749 807 3815 γάρ
833 3749 867 3807 εἰς
892 3749 919 3799 ’ἐν

368 3831 457 3894 μικρὸν
466 3829 570 3894 ἀγγεῖον
577 3831 662 3893 χυθεὶς
672 3828 828 3883 ὑποσκελίζει
835 3825 919 3891 ῥᾷστα

370 3908 429 3964 τοὺς
447 3907 607 3964 πεπωκότας.
642 3906 750 3954 Plautus
774 3906 865 3954 Pseud.
883 3906 917 3955 V.

368 4000 386 4034 1.
401 3988 421 4036 1.
433 3984 477 4033 ubi
488 3985 580 4033 ebrius:
590 3987 677 4048 pedes,
689 3985 778 4033 statin'
791 4001 825 4033 an
849 3986 918 4034 non?

369 4072 393 4113 et
409 4077 482 4112 mox:
500 4080 619 4127 rnupnum
637 4066 680 4113 boc
696 4065 855 4114 vitiumeino
865 4071 917 4114 est:

369 4147 450 4194 Pedes
467 4148 557 4205 captat
572 4146 691 4206 primum.
726 4146 852 4193 Luctator
874 4146 916 4194 do·

368 4226 435 4272 lesus
451 4229 496 4272 est.
532 4222 640 4272 Gronov.
666 4223 691 4270 in
714 4223 784 4271 Lect.
806 4223 916 4272 Plautin.

369 4318 391 4364 p.
415 4303 472 4353 278.
501 4303 550 4351 ista
576 4303 676 4365 egregie
704 4303 817 4365 explicat.
851 4304 918 4351 Nota

368 4390 426 4430 sunt
437 4384 619 4445 supplantare,
627 4384 714 4445 pedem
726 4385 874 4441 subducere,
886 4384 917 4431 de

368 4461 541 4520 luctatoribus;
566 4462 632 4523 quod
657 4475 707 4508 nou
731 4461 784 4509 sinc
801 4461 858 4510 dolo
875 4464 916 4512 fit:

367 4541 434 4589 unde
459 4548 483 4589 et
505 4541 647 4605 πτερνίζειν
664 4541 729 4602 apud
752 4541 860 4591 Graecos
882 4543 916 4591 V.

368 4620 398 4667 Τ.
415 4619 560 4683 interpretes
582 4619 688 4682 figurate
707 4621 818 4682 decipere
840 4622 915 4685 signi-

368 4698 431 4746 ficat.
467 4699 543 4747 Recte
561 4700 620 4747 adeo
639 4697 837 4748 commentator:
855 4707 917 4749 tam·

960 1795 1036 1840 quam
1061 1778 1163 1839 decepti.
1206 1775 1303 1823 Tamen
1328 1773 1401 1821 ittmi
1425 1784 1510 1818 veram

960 1870 1012 1904 esse
1029 1856 1178 1918 scripturam
1190 1868 1240 1902 non
1251 1853 1364 1901 arbitror.
1390 1849 1511 1899 Desidere

960 1935 1068 1999 aliquid,
1077 1933 1151 1998 quale
1161 1935 1265 1990 iassnti,
1278 1932 1378 1992 inflati,
1391 1932 1497 1993 collapsi
1502 1947 1510 1988 ;

960 2015 1041 2078 ipsum
1058 2013 1174 2071 verbum,
1196 2011 1300 2060 Horatio
1321 2010 1440 2072 dignum,
1464 2008 1511 2056 for·

960 2101 1025 2142 tasse
1042 2092 1085 2141 alii
1107 2093 1135 2139 in
1155 2099 1263 2139 mentem
1287 2089 1377 2137 veniet.
1412 2088 1512 2136 Interea

960 2173 1037 2221 affero
1053 2171 1135 2220 locum
1157 2169 1264 2219 Senecae
1286 2169 1364 2232 Epist.
1381 2168 1422 2215 95.
1461 2168 1513 2226 Qui

962 2251 1050 2314 (cibus)
1070 2257 1204 2314 postquam
1224 2251 1318 2311 coepit,
1340 2261 1391 2296 non
1411 2248 1446 2295 nd
1469 2249 1513 2296 tot·

963 2333 1077 2388 tendam,
1102 2330 1145 2377 scd
1173 2330 1207 2376 nd
1233 2327 1390 2376 irritandam
1413 2325 1513 2388 famem

954 2412 1057 2472 quaeri,
1074 2415 1099 2456 et
1115 2410 1232 2456 inventae
1248 2411 1309 2454 sunt
1320 2405 1389 2452 mille
1399 2403 1512 2452 conditu·

961 2504 1017 2546 rae,
1034 2490 1125 2551 quibus
1142 2488 1253 2534 aviditas
1264 2486 1423 2534 excitaretur
1427 2499 1437 2542 ,·
1450 2497 1513 2544 quae

962 2568 1162 2615 desiderantibus
1184 2567 1304 2613 aiirrreata
1327 2568 1414 2620 mant,
1436 2576 1513 2610 onera

962 2652 1021 2695 sunt
1035 2647 1127 2708 plenis.
1154 2647 1219 2693 Inde
1232 2645 1331 2707 pallor,
1343 2647 1368 2690 et
1379 2655 1513 2689 nmmum

962 2728 1020 2774 uino
1037 2726 1192 2772 madentium
1210 2728 1317 2780 tremor,
1338 2726 1362 2770 et
1384 2722 1512 2768 miserabi-

963 2806 1011 2853 lior
1036 2821 1067 2852 ea
1092 2805 1275 2858 cruditatibus,
1301 2816 1375 2863 quam
1393 2815 1425 2848 ea·
1439 2798 1514 2861 fame

962 2885 1060 2932 macies.
1075 2885 1150 2931 ·Inde
1166 2883 1257 2930 incerti
1273 2882 1416 2929 labantium
1426 2879 1512 2940 pedes,

962 2967 987 3010 et
1003 2976 1111 3022 seraper,
1137 2962 1220 3023 qualit
1244 2962 1271 3007 in
1296 2961 1355 3021 ipsa
1379 2959 1513 3017 ebrietate,

963 3041 1091 3089 titubatio.
1127 3041 1193 3088 Inde
1218 3041 1244 3086 in
1272 3044 1352 3087 totam
1369 3043 1452 3086 cutem
1469 3038 1512 3084 bu-

962 3135 1017 3167 mor
1034 3121 1175 3176 adiecimus,
1193 3119 1368 3179 distentusque
1384 3122 1480 3165 venta.

995 3198 1080 3256 Adde,
1097 3198 1163 3259 quod
1179 3198 1244 3244 idem
1279 3197 1338 3244 Non
1364 3195 1453 3243 boram
1478 3199 1511 3244 te·

962 3292 1017 3325 mam
1035 3291 1086 3324 esse
1100 3281 1179 3337 potes.
1213 3275 1301 3322 Davus
1320 3274 1401 3321 adhuc
1412 3275 1448 3322 ita
1459 3282 1512 3324 crat

961 3352 1073 3412 locutus,
1089 3360 1118 3401 ut
1135 3369 1181 3402 saa
1197 3353 1273 3402 verba
1285 3368 1334 3401 non
1345 3354 1408 3402 adeo
1419 3355 1452 3402 ad
1462 3356 1512 3403 Ho-

960 3420 1431 3495 ratiumpertinerentomnia,Horatius
1440 3441 1511 3490 certe,

960 3511 981 3558 si
1003 3513 1063 3575 quid
1088 3519 1116 3559 ut
1140 3511 1269 3575 proprium
1294 3517 1453 3574 agnosceret,
1479 3513 1512 3561 sic

960 3592 1019 3639 satia
1037 3590 1192 3639 dissimulare
1208 3597 1297 3653 posset.
1330 3591 1408 3639 Nunc
1430 3597 1511 3639 summ

960 3670 1048 3718 Davus
1070 3670 1130 3718 vitia
1152 3669 1206 3717 heri
1223 3669 1261 3715 sui
1278 3677 1336 3717 nota
1353 3674 1406 3716 tarn
1422 3670 1512 3718 diserte

959 3751 1050 3813 carpit,
1068 3758 1095 3799 ut
1111 3750 1154 3798 ille
1170 3749 1276 3813 amplius
1292 3757 1374 3798 tacere
1391 3765 1443 3799 non
1457 3765 1511 3814 pos·

960 3831 999 3879 sit.
1033 3830 1077 3878 Ira
1101 3830 1222 3892 erumpit,
1247 3834 1273 3878 et
1297 3828 1402 3878 clamat:
1439 3832 1510 3880 Unde

960 3912 1024 3958 ntibi
1042 3909 1172 3972 lapidem?

993 3992 1053 4038 Non
1078 3990 1131 4036 otia
1156 3994 1222 4038 recte
1247 3990 1354 4037 Ponere.
1397 3988 1508 4050 Expres-

959 4069 990 4117 sit
1008 4067 1116 4125 Graeca‚
1135 4067 1164 4114 τὸ
1182 4067 1268 4130 παρὸν
1285 4065 1320 4128 εὖ,
1339 4067 1425 4124 καλῶς
1448 4066 1510 4115 τίθε-

959 4148 1033 4208 σθαι,
1046 4153 1074 4195 ut
1086 4148 1110 4194 in
1123 4145 1360 4195 Carm.III.xx1x.
1373 4147 1412 4195 32.
1440 4147 1512 4204 Quod

959 4229 1028 4275 adest
1037 4232 1156 4275 memento
1167 4225 1320 4287 Corrtponere
1328 4241 1429 4288 aequas
1442 4227 1510 4280 Otia,

959 4311 1069 4367 tempus,
1087 4319 1127 4353 res
1144 4303 1186 4351 ille
1203 4308 1269 4352 reete
1289 4306 1377 4365 ponit,
1401 4305 1445 4367 qui
1470 4318 1506 4352 ra·

958 4385 1050 4432 tionem
1067 4384 1169 4432 reddere
1186 4390 1278 4445 potest,
1295 4397 1339 4431 cur
1356 4385 1391 4432 ita
1406 4384 1437 4432 iis
1449 4397 1508 4432 usus

958 4462 1002 4519 sit,
1020 4470 1049 4510 ut
1065 4477 1125 4510 usus
1143 4469 1186 4511 est:
1216 4463 1361 4526 metaphora
1378 4464 1510 4527 repetenda

958 4548 994 4589 est
1011 4541 1155 4600 scaloriis,
1180 4544 1223 4606 qui
1240 4551 1306 4591 recte
1324 4543 1365 4591 rel
1382 4558 1452 4592 secus
1469 4558 1509 4606 po-

958 4628 1059 4678 nuntur,
1070 4623 1203 4680 adduntur,
1212 4623 1391 4671 subducuntur.
1409 4624 1509 4672 Terent.

959 4699 1087 4761 Adelphis.
1113 4703 1147 4749 V.
1176 4717 1212 4750 rv.
1242 4706 1262 4750 1.
1306 4704 1446 4765 Nunquam
1472 4703 1509 4748 ita
