3750 5759
449 695 509 758 184
796 695 821 756 l.
869 714 996 759 surina
1020 713 1081 759 v11.
1109 712 1184 758 viri.

445 886 536 936 iicitur.
561 887 681 949 Quamvis
697 887 777 935 severi
794 891 818 934 et
835 887 907 949 periti
923 885 1015 935 iudices
1036 885 1099 934 nihil
1115 899 1213 942 sorum,
1237 898 1301 948 quae
1317 890 1453 941 tentantur,
1471 881 1576 931 laudare

446 967 551 1027 possint,
567 981 617 1016 non
632 980 690 1014 raro
706 964 807 1023 accidit,
825 971 853 1013 ut
869 965 916 1028 ipsi
937 965 964 1014 iu
988 966 1128 1029 opinionem
1150 963 1262 1023 naniam,
1284 978 1347 1027 quae
1367 978 1439 1012 suam
1460 962 1575 1025 scriptori

447 1058 548 1093 manum
565 1044 686 1094 restituat.
719 1045 776 1106 Ego
792 1044 840 1102 hic,
856 1051 954 1107 praeter
971 1043 1032 1100 alia,
1049 1058 1146 1108 quoque
1162 1042 1267 1091 conieci:
1289 1045 1382 1092 sternit
1402 1043 1493 1104 rupida
1517 1047 1575 1089 autu

446 1137 528 1174 cursu.
562 1125 596 1175 Et
621 1125 678 1181 hoc,
704 1131 728 1172 et
752 1122 859 1172 alterum
877 1125 969 1188 fertur
992 1126 1083 1186 rapida
1107 1126 1135 1172 in
1151 1128 1208 1171 sata
1228 1137 1305 1172 cursu
1322 1136 1374 1171 esse
1390 1121 1484 1170 Latina
1500 1134 1575 1168 nemo

446 1203 550 1263 negabit.
586 1205 689 1254 Securis
712 1219 775 1252 rora
789 1205 878 1266 sertia
897 1205 930 1253 ad
955 1204 1059 1262 fiumen,
1085 1218 1135 1252 nou
1152 1204 1211 1252 satis
1227 1203 1349 1252 Latinum
1366 1202 1471 1251 ridetur.
1507 1201 1574 1249 uum

446 1280 564 1332 Horatius
580 1283 716 1347 scripsisset
732 1285 825 1345 potius:
837 1284 917 1347 feriit
932 1301 981 1347 pua
998 1300 1060 1332 rora
1075 1286 1177 1334 iecur-is.
1210 1281 1251 1331 Ita
1267 1281 1393 1345 aliquanto
1408 1280 1491 1329 lenius
1508 1280 1573 1342 eogi-

446 1361 493 1408 tari
509 1369 619 1424 poterat,
636 1363 678 1411 ubi
695 1378 752 1411 rara
766 1365 858 1412 securis
874 1363 940 1413 feriit
956 1365 1055 1413 arbores
1072 1372 1096 1412 et
1112 1362 1230 1426 virgulta.

494 1443 524 1491 P.
541 1443 580 1492 66.
616 1444 689 1491 Salso
705 1444 831 1505 multoque
841 1443 937 1505 fluenti
963 1445 1094 1505 Expressa
1110 1445 1211 1491 arbusto
1232 1443 1323 1504 reperit
1341 1441 1459 1491 condem.
1493 1438 1573 1489 Venit

444 1522 470 1569 in
494 1530 613 1572 mentem:
639 1525 767 1572 umbratus
792 1526 884 1585 reperit
904 1525 1025 1573 canonia.
1058 1521 1235 1571 Praenestinus
1257 1521 1350 1584 regerit
1366 1519 1481 1569 convicia
1498 1519 1571 1568 vehe-

444 1602 596 1650 mentissima
621 1602 716 1652 Graeco
740 1601 825 1651 fluenti
845 1603 909 1652 salso
929 1610 954 1652 et
970 1604 1064 1663 multo,
1080 1603 1143 1652 salse
1160 1609 1184 1651 et
1200 1601 1308 1650 multum
1324 1601 1417 1650 fluenti
1451 1599 1573 1650 Convicia

444 1680 498 1729 ideo
515 1697 612 1746 quoque
628 1690 698 1731 erant
714 1682 912 1740 vehementiora,
928 1685 988 1748 quia
1005 1685 1114 1736 Graecus
1131 1690 1286 1747 expresserat
1297 1682 1368 1732 Italo.
1390 1682 1471 1730 Italus
1488 1687 1572 1730 autem

443 1758 533 1808 dieitur
549 1765 691 1820 ainbustua,
716 1764 775 1826 quia
801 1765 851 1813 iam
867 1764 998 1814 videbatur
1014 1767 1192 1814 condemnatus
1211 1771 1267 1812 ante
1285 1778 1360 1827 quam
1377 1776 1403 1811 se
1419 1761 1572 1811 defenderat.

442 1838 577 1890 Accusatio
595 1842 684 1892 Graeci
700 1851 753 1892 erat
769 1843 840 1902 talis,
857 1851 886 1892 ut
902 1845 982 1894 Italus
999 1860 1031 1894 ex
1047 1845 1138 1893 iudicio
1154 1858 1205 1891 non
1217 1843 1265 1891 nisi
1275 1846 1417 1901 aestuatus,
1428 1843 1571 1899 semiustus,

441 1933 516 1981 prope
533 1929 618 1980 mter,
640 1937 689 1971 non
710 1923 764 1972 sine
785 1923 855 1986 gravi
876 1938 943 1972 noxa
964 1926 1114 1973 discessurus
1131 1939 1183 1973 esse
1199 1923 1332 1972 videretur.
1366 1922 1433 1970 Nota
1448 1927 1509 1969 sunt
1525 1921 1568 1968 ista

442 2000 517 2047 verba
532 2001 559 2048 iu
576 2017 602 2052 re
622 2002 748 2060 iudiciali,
765 2010 793 2050 ut
814 2010 838 2051 et
853 2004 984 2066 flaprare,
999 2005 1154 2067 coaptapare,
1170 2005 1280 2061 incendi,
1304 2001 1402 2050 similla.
1437 2000 1510 2051 Conf.
1533 2002 1567 2048 in·

442 2084 560 2140 terpretes
578 2082 676 2131 Sallust.
694 2080 770 2131 Catil.
792 2083 832 2132 31.
849 2090 875 2132 ct
890 2082 995 2132 Livium
1012 2083 1103 2155 XXII.
1119 2084 1159 2132 35.

447 2211 449 2215 .
473 2159 502 2206 P·
519 2161 559 2209 66.
596 2163 706 2224 Operum
724 2167 776 2223 hac,
793 2167 856 2213 rrrihi
872 2165 956 2220 crede,
975 2168 1075 2213 tuorum
1091 2169 1136 2212 eat.
1169 2163 1256 2212 Livius
1273 2175 1345 2223 saepe
1364 2159 1444 2208 utitur
1461 2157 1569 2208 formula

440 2241 484 2286 hoe
500 2247 539 2289 est
556 2243 595 2289 tui
610 2245 699 2304 operia.
732 2243 883 2292 Doderlinus
904 2243 955 2291 iam
979 2243 1064 2291 attulit
1080 2242 1211 2291 XXXVI.
1228 2243 1268 2290 34.
1290 2243 1332 2290 aui
1353 2242 1435 2303 operta
1450 2254 1503 2289 esee
1516 2253 1568 2288 ere·

439 2322 506 2368 dens.
539 2322 614 2371 Adde
630 2323 789 2372 XXXVIII.
806 2324 829 2372 9.
855 2325 1033 2386 Amynander,
1054 2325 1119 2385 quod
1142 2325 1183 2371 aui
1205 2323 1313 2370 inarime
1334 2323 1414 2384 operia
1434 2327 1504 2376 mat,
1522 2321 1567 2367 im·

439 2403 510 2463 pipre
526 2404 620 2463 agebat.
654 2403 696 2451 Ad
721 2403 786 2451 hana
807 2403 926 2451 rationem
952 2402 1071 2450 Horatius
1097 2401 1202 2449 scribere
1218 2401 1347 2464 potuisset:
1376 2401 1480 2461 Operis,
1505 2398 1568 2446 nribi

439 2482 522 2536 crede,
539 2484 579 2529 tui
596 2484 640 2531 lioc
655 2489 698 2531 est.
732 2483 841 2531 Difficile
858 2489 906 2539 est,
924 2483 989 2546 quod
1006 2482 1097 2546 legitur
1114 2481 1140 2529 in
1156 2481 1231 2530 Livio
1242 2480 1373 2529 XXXIII.
1390 2478 1429 2526 45.
1441 2477 1568 2527 Hannibal

439 2561 603 2622 querebatur:
634 2565 791 2612 Mareeecere
812 2566 863 2612 otio
885 2566 986 2624 situque
1007 2563 1147 2618 civitatem,
1168 2567 1193 2609 et
1217 2561 1311 2608 inertia
1331 2559 1424 2621 operis3
1450 2573 1495 2607 racc
1514 2560 1570 2608 siue

438 2656 566 2690 armorum
581 2644 666 2690 sonitu
682 2645 791 2692 excitari
806 2657 883 2705 posse.
916 2643 1065 2705 Lugendum
1081 2647 1154 2703 puto:
1172 2641 1259 2702 inopia
1275 2640 1365 2701 operia.
1398 2636 1480 2700 Igitur
1496 2636 1568 2685 Han·

437 2719 504 2768 nibal
519 2736 582 2783 apua
597 2722 741 2786 quaerebat,
766 2729 794 2771 ut
810 2724 849 2771 sui
864 2722 994 2787 populares
1010 2721 1104 2770 bellum
1121 2719 1252 2775 heberent,
1277 2718 1350 2781 idque
1366 2730 1423 2763 cum
1440 2715 1570 2767 Antiocho

436 2800 556 2850 Romanis
571 2801 678 2852 inferret.
712 2803 754 2852 Sic
773 2805 839 2866 apud
855 2804 961 2852 eundem
982 2802 1016 2852 V.
1034 2815 1067 2849 111
1085 2797 1178 2848 tribuni
1199 2797 1287 2861 plebis,
1310 2803 1439 2859 tamquam
1456 2797 1570 2859 artifices

436 2883 544 2945 improbi
559 2897 622 2946 opus
638 2890 771 2945 quaeunt.

848 3062 880 3103 1.
916 3052 1054 3102 SATIRA
1079 3054 1158 3103 VIII.

467 3194 497 3243 P.
514 3196 554 3248 67.
588 3201 723 3246 Fuceretne
746 3196 879 3258 Priapum.
914 3197 946 3244 In
971 3195 1075 3246 Anthol.
1101 3199 1189 3246 Burm.
1214 3199 1244 3246 T.
1266 3197 1302 3246 11.
1327 3214 1350 3261 p.
1372 3198 1428 3246 542.
1457 3197 1565 3261 Priapus

433 3274 551 3338 loquitur:
571 3277 632 3326 Hae
650 3291 704 3338 epo,
721 3278 855 3338 Penelope,
874 3278 948 3338 potui
965 3279 1010 3325 tibi
1032 3278 1082 3339 lepe
1096 3280 1212 3339 placere,·
1242 3280 1295 3343 Illo
1314 3280 1359 3326 aed
1374 3279 1483 3326 nondam
1501 3283 1563 3326 tem-

431 3370 492 3416 pore
502 3354 595 3418 sactua
610 3371 687 3405 mant.
721 3355 770 3406 Ubi
786 3357 947 3405 Burmannus
963 3371 996 3405 ex
1012 3356 1070 3407 MS.
1086 3357 1195 3406 malebat
1210 3363 1295 3406 natus.
1328 3357 1423 3405 Dubito
1439 3372 1472 3405 an
1489 3366 1564 3406 reete.

481 3434 511 3483 P.
528 3434 567 3483 68.
602 3437 690 3483 Dabat
702 3438 730 3483 in
740 3437 883 3497 sepulcrum
900 3439 1054 3498 nrillepedea.
1079 3437 1116 3486 Ut
1138 3439 1239 3486 Terent.
1256 3436 1378 3500 Adelphis
1395 3435 1446 3485 III.
1468 3451 1509 3486 111.
1526 3438 1564 3486 lt.

432 3515 512 3562 Dedit
528 3516 556 3562 in
572 3521 672 3564 auratus
688 3517 821 3564 districtiora
838 3518 926 3565 urinae.
959 3515 1045 3564 Valer.
1062 3516 1165 3565 Flaccus
1183 3516 1246 3573 VII.
1267 3515 1323 3564 545.
1341 3519 1414 3564 daret
1434 3519 1564 3580 aeripedes

429 3597 458 3643 ln
471 3596 569 3656 proelia
586 3601 680 3644 tauros.
738 3630 740 3633 -
1507 3595 1509 3600 ’

479 3672 507 3720 P.
526 3674 566 3723 69.
600 3675 718 3723 Protulit
734 3690 773 3734 os,
790 3677 851 3737 quin
867 3691 922 3725 oasa
940 3679 1032 3738 tepent.
1063 3677 1122 3726 Non
1138 3691 1239 3740 possum
1255 3683 1348 3735 tacere,
1365 3690 1440 3739 quam
1457 3677 1562 3739 indigna

429 3753 494 3802 bono
510 3756 583 3816 polita
599 3755 718 3814 iudicem,
734 3756 836 3818 protulit
859 3772 897 3815 oa,
914 3772 970 3805 oasa
986 3756 1078 3819 legant.
1112 3758 1189 3807 Suiue
1209 3757 1299 3806 oblitus
1324 3763 1361 3805 est
1377 3756 1511 3814 Horatius,
1529 3771 1561 3804 an

429 3847 476 3896 ego
497 3847 598 3895 prorsus
622 3833 694 3881 fallor
719 3841 743 3882 et
768 3835 886 3884 morosior
903 3839 974 3884 sum‘?
1007 3835 1035 3886 Si
1057 3837 1202 3886 haberemus
1224 3836 1282 3885 MS.
1304 3836 1330 3883 in
1352 3850 1401 3899 quo
1421 3834 1560 3898 legeretur:

428 3914 501 3960 rnrltu
518 3914 562 3960 viu
578 3917 654 3962 Luna
670 3916 755 3963 decoro
774 3917 877 3975 Prodit,
895 3932 973 3977 quum
989 3932 1046 3965 oasa
1062 3916 1162 3979 sepulta
1179 3919 1275 3978 lepunt,
1293 3917 1428 3977 herbasque
1440 3920 1561 3972 nocentes,

428 3991 493 4039 dicat
510 3993 552 4054 qui
569 3993 643 4051 velit,
660 4008 693 4040 an
709 4008 759 4041 non
776 4008 862 4042 versus
879 4003 960 4042 essent
976 3995 1050 4058 longe
1066 3995 1234 4058 pulchriores,
1251 4009 1338 4058 quam:
1355 3995 1430 4042 simul
1448 4008 1479 4041 aa
1494 4009 1561 4056 capu

430 4073 505 4120 Luna
523 4074 639 4122 decorum
672 4075 789 4122 Protulit
814 4088 852 4130 oa,
877 4076 939 4136 quin
964 4089 1018 4123 oasa
1041 4077 1131 4136 tepent.
1171 4073 1204 4122 Iu
1229 4073 1331 4136 vulgata
1353 4072 1474 4134 scriptura
1495 4071 1558 4121 illud

426 4165 480 4199 osea
496 4153 580 4214 tepent
596 4151 660 4199 hano
676 4167 772 4216 quoque
793 4152 964 4201 difficultatem
981 4152 1074 4210 obiicit,
1090 4152 1156 4215 quod
1173 4155 1270 4215 sepulta
1287 4154 1362 4201 deest.
1395 4151 1459 4201 Ossa
1470 4152 1558 4216 legun·

426 4236 468 4278 tur
493 4232 589 4288 statim,
613 4239 743 4295 postquam
766 4233 870 4298 cadarer
894 4240 932 4281 est
953 4239 1100 4281 crematum:
1122 4232 1242 4294 leguntur
1264 4239 1347 4281 eutem
1369 4247 1385 4280 a
1405 4232 1518 4294 cognatis
1535 4241 1558 4283 et

426 4310 517 4359 amicis.
551 4311 644 4374 Magne
660 4326 756 4376 quoque
773 4311 855 4359 statim
872 4326 927 4360 ossa
942 4312 1030 4374 legunt
1046 4311 1148 4360 cremati
1164 4313 1289 4361 cadaveris
1306 4311 1380 4362 Ouid.
1397 4311 1498 4360 Heroid.
1508 4313 1557 4363 VI.

425 4391 465 4440 89.
482 4392 513 4440 de
528 4392 631 4441 Medea:
658 4394 712 4440 Per
729 4392 838 4440 turriuloa
855 4397 926 4440 errat
941 4394 1022 4455 passis
1039 4394 1165 4440 discincta
1180 4394 1293 4455 capillis,
1329 4392 1454 4454 Certaque
1476 4394 1506 4441 de
1523 4399 1558 4442 te-

422 4474 491 4533 pidis
512 4474 608 4535 callipit
631 4487 686 4521 oasa
710 4474 784 4534 repit.
817 4472 930 4536 Propert.
952 4472 1003 4521 111.
1024 4472 1118 4524 1u27.
1149 4473 1231 4520 Illum
1252 4473 1377 4534 turpentia
1398 4487 1478 4520 ranae
1497 4488 1557 4535 por-

425 4557 496 4600 tenta
512 4556 614 4601 rubetae
647 4554 685 4600 Et
710 4554 775 4601 lecta
795 4558 899 4602 eeseetir
922 4555 1045 4616 unguibus
1061 4567 1117 4601 caan
1139 4554 1252 4600 trahunt.
1284 4549 1335 4600 Ubi
1351 4551 1455 4599 fortasse
1471 4551 1570 4624 legem‘

424 4632 496 4680 dum:
528 4636 568 4681 Et
593 4636 657 4682 lecta
681 4635 814 4683 exstinctis
837 4634 936 4697 ipnibua
962 4648 1017 4682 oasa
1039 4635 1154 4681 trahunt.
1188 4631 1303 4681 Tibullus
1321 4631 1341 4678 1.
1359 4645 1388 4678 11.
1407 4629 1445 4678 45.
1482 4633 1556 4682 Haec

423 4718 501 4760 cantu
510 4713 639 4777 finditque
655 4715 747 4771 solunt,
764 4729 896 4777 titaneaque
911 4715 1034 4778 sepulcris
1052 4714 1145 4772 Elicit,
1163 4719 1187 4763 et
1200 4713 1281 4776 tepido
1297 4713 1399 4761 decorat
1417 4726 1472 4760 oasa
1490 4727 1554 4775 rope.
