3750 5759
721 718 1117 828 ‘SATlltARUM

416 920 522 999 Quam
551 913 649 979 Decio
677 911 832 977 mandare
851 929 952 989 novo,
978 929 1155 993 censorque
1176 913 1321 974 moveret

416 1021 557 1108 Appius,
584 1018 726 1102 ingenuo
745 1014 773 1079 si
795 1036 861 1078 non
884 1033 988 1076 essem
1011 1016 1103 1096 patre
1125 1017 1241 1078 natus:

414 1126 476 1191 Vel
499 1123 636 1204 merito,
662 1118 816 1205 quoniam
843 1117 878 1181 in
900 1115 1032 1200 propria
1054 1137 1120 1181 non
1146 1117 1232 1202 pelle
1253 1115 1426 1202 quiessem.

417 1230 480 1296 Sed
503 1227 652 1311 fulgente
671 1222 773 1287 tralrit
800 1218 993 1286 constrictos
1018 1219 1125 1304 gloria
1147 1241 1243 1285 curru

416 1334 490 1397 Non
518 1332 628 1396 minus
652 1330 782 1414 ignotos
805 1324 983 1411 generosis.
1031 1323 1102 1403 Quo
1130 1325 1209 1408 tibi,
1232 1325 1328 1408 Tilli,

419 1439 551 1504 Sumere
574 1434 762 1521 depositum
784 1430 915 1495 clevum
934 1427 1068 1513 fieriqite
1089 1430 1242 1494 tribuno?

416 1541 546 1607 Invidia
570 1536 729 1619 accrevit,
754 1534 883 1619 privato
909 1555 992 1618 quae
1015 1532 1123 1597 minor
1146 1539 1240 1599 esset.

415 1648 500 1712 Nam
524 1649 562 1709 ut
580 1641 718 1728 quisque
741 1638 878 1702 insanus
902 1635 1006 1720 nigris
1031 1635 1176 1701 medium
1200 1636 1353 1721 impediit
1374 1656 1444 1702 erus

415 1750 562 1815 Pellibus
586 1752 619 1811 et
637 1744 743 1808 latum
772 1739 904 1805 demisit
928 1744 1058 1823 pectore
1081 1740 1226 1821 clavum,

416 1853 522 1920 Audit
533 1849 703 1916 continuo:
724 1843 829 1928 „Quis
842 1843 941 1906 homo
959 1842 1057 1907 hie?“
1079 1848 1130 1908 et:
1154 1842 1250 1926 „Quo
1262 1846 1356 1928 patre
1369 1841 1498 1906 natus?“'

415 1960 463 2026 Ut
486 1953 591 2040 siqui
615 1953 761 2035 aegrotet
785 1969 849 2032 quo
869 1946 983 2010 morbo
1002 1945 1139 2029 Barrus,
1163 1946 1275 2012 haberi

414 2063 463 2129 Ut
484 2057 595 2143 cupiat
617 2054 798 2133 formosus,
827 2054 880 2114 eat
902 2070 1121 2135 quacumque,
1148 2050 1268 2136 puellis

416 2163 548 2231 lniiciat
565 2180 676 2225 euram
700 2153 876 2242 quaerendi
897 2153 1045 2238 singula,
1068 2154 1158 2239 quali

416 2270 468 2336 Sit
490 2266 592 2347 faeie,
616 2284 706 2344 sura,
734 2258 824 2346 quali
847 2256 945 2343 pede,
969 2257 1086 2341 dente,
1111 2258 1249 2344 capillo:

417 2374 470 2439 Sic
493 2370 549 2457 qui
571 2365 756 2454 promittit,
781 2362 885 2445 cives,
906 2361 1021 2426 urbem
1044 2361 1107 2426 sibi
1130 2383 1243 2443 curae,

416 2475 596 2561 Imperium
617 2472 685 2538 fore
706 2477 740 2535 et
766 2467 899 2534 Italiam
916 2472 950 2532 et
974 2466 1110 2532 delubra
1129 2467 1280 2546 deorum3
1345 2511 1355 2523 .

416 2581 487 2660 Quo
509 2584 601 2664 patre
626 2577 670 2641 sit
689 2578 806 2654 natus,
830 2593 911 2635 num
933 2570 1049 2655 ignota
1067 2576 1172 2636 matre
1192 2571 1406 2655 inhonestus,

416 2685 537 2751 Omnes
558 2682 712 2748 mortales
738 2698 849 2744 curare
873 2681 906 2740 et
927 2697 1078 2761 quaerere
1102 2676 1198 2763 cogit.

416 2789 547 2873 ‚,Tune,
572 2787 663 2873 Syri,
687 2786 829 2865 Damae,
856 2786 914 2846 aut
939 2779 1078 2866 Dionysi
1097 2781 1205 2865 filius,
1230 2779 1330 2846 audes

416 2894 560 2960 Deiieere
582 2915 600 2958 e
626 2913 704 2957 saxo
721 2888 826 2969 cives,
855 2892 913 2951 aut
936 2884 1063 2951 tradere
1087 2885 1255 2952 (ἷαὰιιιοῖιι

371 3072 456 3134 pulum
468 3073 572 3120 honores
584 3073 644 3119 dare
656 3071 733 3120 nobili
743 3086 793 3119 non
807 3071 919 3127 merenti,
940 3070 942 3122 l
961 3074 1078 3133 quonium
1096 3073 1123 3119 tn
1139 3072 1247 3134 propria
1260 3086 1308 3118 non
1317 3072 1381 3131 petie
1397 3071 1506 3132 quiesset.

371 3150 410 3198 fae
430 3165 483 3208 me,
505 3149 636 3213 ignobilem
658 3165 673 3197 a
694 3165 794 3199 censore
811 3151 919 3198 moveri:
940 3127 942 3186 l
964 3150 1012 3199 Sed
1030 3159 1098 3200 amat
1113 3151 1160 3199 sibi
1177 3165 1226 3198 non
1243 3163 1351 3212 parcere.

370 3230 410 3278 vel
427 3233 515 3279 nimio
531 3243 657 3287 moverer,
681 3231 741 3294 qnia
756 3245 806 3279 non
821 3231 847 3278 in
864 3243 920 3277 mea
994 3234 1146 3282 Doderlinus
1157 3240 1214 3282 ante
1223 3232 1290 3280 hunc
1299 3246 1400 3279 versum
1410 3243 1505 3278 versum

370 3309 433 3372 pelle
454 3310 611 3372 quievissem.
650 3310 761 3360 Obscura
790 3310 918 3359 sententia.
939 3296 941 3392 l
961 3313 1081 3361 excidisse
1092 3313 1198 3369 coniicit,
1216 3311 1258 3374 qui
1270 3310 1430 3372 responderet
1442 3314 1505 3355 ante·

372 3389 428 3438 Seio
446 3407 505 3438 rrum
522 3405 594 3453 saepe
607 3391 658 3438 vim
670 3391 761 3440 habere
775 3397 918 3438 eonneeten-
960 3393 1072 3441 cedenti:
1097 3407 1121 3440 v.
1138 3406 1159 3439 e.
1198 3393 1286 3438 Vivere
1301 3395 1423 3452 perpetue
1441 3389 1506 3449 lorsqe

371 3470 416 3516 dae
441 3469 570 3527 orationis,
597 3469 654 3516 vide
677 3485 700 3518 v.
717 3484 738 3518 c.
764 3469 860 3517 Duker.
886 3468 918 3515 ad
960 3473 1076 3532 tenueque
1100 3475 1213 3518 remotos.
1248 3469 1334 3519 Oratio
1359 3469 1396 3516 sic
1411 3480 1505 3531 quoque

312 3564 315 3570 ·
370 3549 438 3597 Flori
455 3548 571 3598 Prodcm.
589 3563 612 3611 p.
630 3550 653 3595 4.
672 3549 811 3596 luctamen
828 3547 917 3594 melius
959 3549 1047 3597 melius
1069 3555 1261 3598 connecteretur.
1286 3549 1321 3596 Et
1342 3547 1457 3596 credibile
1472 3553 1506 3594 est

370 3636 431 3690 puto
467 3631 572 3691 Ictaque
588 3634 646 3676 esto.
680 3627 917 3676 Poneeontrarium.
959 3628 985 3676 in
1003 3628 1091 3678 Satiris
1116 3643 1202 3678 versus
1225 3627 1361 3677 nonnullos
1380 3627 1504 3683 excidisse,

371 3708 425 3755 Iam
443 3708 493 3765 fac,
509 3707 630 3770 populum
654 3706 720 3753 nolle
736 3706 842 3753 honores
859 3707 918 3754 dare
959 3714 989 3755 ut
1004 3708 1067 3757 alios
1083 3709 1258 3771 transpositos,
1281 3707 1343 3756 alios
1361 3707 1474 3755 adiectos.
1519 3742 1520 3745 ,

276 3808 278 3811 ·
370 3785 448 3834 Decio
469 3800 547 3843 novo,
573 3792 597 3833 et
614 3785 727 3846 Appium
753 3799 852 3832 movere
874 3784 918 3832 ali-
995 3789 1051 3847 Quo
1076 3790 1139 3845 tibi,
1170 3789 1239 3836 Titii.
1280 3786 1410 3835 Bentleius
1443 3792 1504 3834 reete

370 3877 457 3926 quem,
478 3878 518 3911 me
535 3865 604 3912 verbi
620 3878 721 3921 caussa,
743 3864 765 3911 si
783 3879 833 3912 non
850 3864 917 3927 inge·
959 3867 1077 3931 praetulit
1093 3867 1166 3916 elteri
1182 3867 1319 3930 scripturae
1343 3868 1423 3916 Tulli.
1456 3865 1504 3914 No·

371 3956 421 3990 nuo
437 3950 506 4004 patre
523 3951 595 3991 natus
613 3958 704 3991 essem:
717 3943 778 4006 quid
788 3950 843 3991 tum
855 3945 917 3993 iudi·
958 3946 1027 3994 mina
1043 3946 1091 3995 ista
1106 3961 1179 4009 saepe
1196 3953 1377 4009 permutantur.
1400 3946 1467 3995 Vide
1482 3952 1505 3992 et

370 4026 499 4071 eeremus⁹
524 4022 597 4083 Quod
619 4023 651 4070 ad
666 4035 706 4069 me
728 4022 830 4079 attinet,
852 4031 918 4072 reete
959 4026 1074 4076 Oudend.
1091 4029 1123 4076 ad
1140 4027 1242 4077 Sueten.
1260 4027 1361 4077 Caesar.
1378 4026 1420 4076 82.

371 4103 469 4166 Appius
491 4103 600 4160 fecisset,
625 4102 666 4151 vel
690 4109 834 4166 propterea,
852 4107 917 4167 quod
996 4109 1032 4156 Ut
1049 4109 1252 4170 siquiucqrotet.
1285 4106 1395 4156 Facilius
1410 4113 1503 4169 putem:

370 4198 420 4231 non
437 4185 503 4232 intra
519 4183 644 4231 fortunam
660 4182 820 4240 mansissem,
836 4189 865 4231 ut
880 4192 917 4240 tu,
963 4186 1000 4234 Ut
1024 4187 1108 4248 siqui
1131 4191 1258 4248 depromi,
1284 4193 1309 4234 et
1325 4201 1386 4235 mox
1411 4188 1505 4236 iniiciet

369 4278 385 4310 o
410 4265 554 4320 Maecenas,
574 4276 675 4310 manere
697 4263 766 4325 cupis
788 4263 828 4311 vel
846 4265 917 4327 infra
957 4270 982 4311 et
998 4271 1072 4327 repet.
1107 4264 1144 4313 Ut
1165 4265 1187 4312 si
1209 4264 1264 4328 quis
1282 4271 1396 4327 aegrotat
1421 4264 1504 4313 morbo

369 4342 493 4391 fortunam
510 4350 586 4391 tuam.
620 4341 739 4391 Horatius
753 4343 786 4390 'dc
807 4356 916 4390 senune
957 4344 1043 4404 Barri,
1061 4359 1208 4409 quacunque
1225 4353 1278 4404 eat,
1299 4345 1391 4394 iniiciet
1408 4361 1504 4401 curam,

369 4423 467 4485 proprie
483 4437 534 4470 non
551 4421 672 4484 loquitur,
698 4420 772 4485 idque
787 4422 814 4469 in
831 4436 867 4470 vs.
883 4424 917 4472 45
957 4424 1005 4484 sie,
1022 4424 1044 4473 si
1061 4425 1116 4489 quis
1133 4425 1267 4488 promittit,
1288 4434 1365 4488 coget.

369 4500 504 4563 signifieat:
522 4516 590 4549 nunc
605 4502 640 4548 ad
656 4517 694 4550 me
710 4503 788 4558 redeo,
801 4504 916 4551 libertino
991 4506 1106 4553 Dcic'cerc
1129 4520 1142 4553 e
1164 4519 1226 4553 susc
1248 4507 1314 4553 eires
1335 4512 1382 4552 aut
1407 4506 1506 4573 tradere

368 4585 444 4642 patre
459 4586 556 4630 sustam.
575 4580 688 4630 Scribere
703 4582 835 4644 potuisset:
860 4597 914 4632 cen·
959 4581 1061 4633 Cadmo.
1095 4582 1293 4633 commentator:
1328 4599 1403 4643 „nam
1429 4585 1504 4647 capite

368 4673 456 4721 sosque
472 4666 578 4709 nrovmt
612 4659 721 4723 Appius,
744 4663 850 4725 inqendo
871 4665 915 4725 qut
956 4662 1067 4711 damuati
1078 4664 1108 4710 de
1124 4677 1186 4711 saxo
1198 4663 1305 4726 Tarpeio
1314 4663 1503 4726 praecipitaban-
1523 4699 1525 4703 .

369 4753 417 4786 non
442 4744 505 4787 essct
528 4744 604 4801 putre
620 4745 708 4798 natica·
747 4742 791 4790 Vei
812 4741 915 4802 merito,
956 4747 1004 4800 tur,
1030 4743 1061 4791 dc
1086 4757 1135 4806 quo
1157 4741 1262 4790 radittur
1285 4743 1460 4805 praecipitatus
1480 4749 1502 4790 et
