3750 5759
374 704 436 766 140
741 697 1129 766 SATIRARUM.

416 889 563 952 lmmane
587 891 638 951 est
661 885 797 970 vitium,
822 885 898 950 darc
920 884 1014 950 milia
1037 888 1129 950 terna
1152 883 1308 964 macello,

414 993 629 1076 Angustoque
651 1010 752 1074 vagos
775 989 880 1076 pisces
904 1011 1018 1074 urgere
1041 988 1158 1054 catino.

415 1095 537 1179 Magna
558 1097 668 1157 movet
691 1093 858 1166 stomacho
881 1092 1033 1175 fastidia,
1058 1114 1116 1157 seu
1137 1113 1218 1177 puer
1240 1090 1350 1156 unctis

333 1209 335 1214 '
414 1197 577 1262 Tractavit
599 1196 734 1262 calicem
757 1195 928 1279 manibus,
955 1195 1033 1260 dum
1056 1195 1144 1260 furta
1167 1194 1313 1280 ligurrit,

417 1301 491 1368 Sive
513 1300 622 1386 gravis
645 1300 747 1365 veteri
769 1304 911 1366 craterae
933 1299 1033 1364 limus
1058 1297 1214 1364 adhaesit.

413 1406 543 1471 Vilibus
566 1404 601 1468 in
626 1403 749 1489 scopis,
774 1404 809 1467 in
832 1403 978 1489 mappis,
1003 1403 1038 1467 in
1065 1404 1159 1469 scobe
1185 1406 1327 1487 quantus

414 1508 576 1576 Consistit
598 1509 751 1573 sumtus?
773 1507 951 1592 neglectis,
976 1507 1140 1592 flagitium
1163 1505 1290 1591 ingens.
1392 1491 1394 1495 ¹

413 1613 489 1677 'len’
519 1611 645 1697 lapides
668 1610 775 1676 varios
798 1610 964 1676 lutulenta
985 1611 1095 1676 radere
1118 1610 1249 1696 palma,

412 1716 459 1780 Et
480 1714 590 1800 Tyrias
607 1715 682 1780 dare
704 1713 826 1780 circum
848 1714 943 1779 illota
966 1714 1082 1779 toralia
1104 1718 1231 1796 vestet,

413 1819 580 1901 Oblitum,
607 1822 729 1903 quanto
752 1839 863 1883 curam
887 1823 1098 1902 sumtumque
1121 1816 1282 1881 minorem

413 1923 503 2015 Haec
526 1922 686 2003 habeant,
712 1926 805 1987 tanto
828 1921 1021 2007 reprehendi
1044 1921 1164 1986 iustius
1189 1920 1277 2002 illis,

414 2027 504 2106 Quae
526 2025 592 2091 nisi
615 2024 772 2091 divitibus
796 2032 960 2111 nequeant
982 2026 1170 2111 contingere
1192 2023 1360 2091 mensis?“

413 2131 541 2214 „Docte
564 2129 653 2212 Cati,
677 2152 734 2215 per
757 2129 938 2195 amicitiam
962 2130 1118 2216 divosque
1140 2132 1291 2214 rogatus,

412 2235 537 2298 Ducere
559 2255 613 2298 me
636 2233 803 2317 auditum,
826 2255 941 2318 perges
965 2255 1185 2319 quocumque,
1202 2235 1376 2297 memento.

412 2337 519 2421 Nam,
543 2337 691 2422 quamvis
715 2338 851 2403 memori
874 2338 993 2403 referas
1017 2338 1100 2402 mihi
1123 2341 1252 2424 pectore
1275 2338 1406 2418 cuncta,

411 2439 485 2504 Non
509 2445 619 2506 tamen
643 2441 804 2527 interpres
828 2442 1037 2508 tantumdem
1063 2440 1193 2506 iuveris.
1240 2439 1335 2504 Adde

411 2544 550 2608 Vultum
572 2544 786 2630 hahitumque
807 2545 969 2628 hominis,
996 2541 1093 2630 quem
1117 2549 1154 2609 tu
1176 2543 1299 2608 vidisse
1321 2542 1436 2608 beatus

410 2647 486 2711 Non
509 2647 622 2740 magni
637 2647 771 2734 pendis,
797 2649 874 2734 quia
897 2648 1039 2734 contigit
1046 2679 1054 2726 3
1080 2652 1115 2712 at
1137 2646 1221 2711 mihi
1243 2667 1321 2711 cura

411 2751 486 2815 Non
509 2751 680 2839 mediocris
704 2751 807 2837 inest,
832 2753 939 2818 fontes
962 2758 1001 2818 ut
1017 2751 1105 2817 adire
1128 2755 1268 2816 remotos

411 2856 521 2940 Atque
543 2856 672 2922 haurire
696 2879 812 2943 queam
835 2857 922 2923 vitae
945 2861 1119 2943 praecepta
1141 2856 1291 2920 beatae.“

367 3034 461 3082 senaar.
496 3032 564 3081 Usus
580 3033 650 3082 verbi
665 3033 771 3095 passivi,
788 3041 817 3081 ut
833 3034 910 3085 Grae·
954 3042 1018 3083 recto
1040 3033 1149 3082 defendit
1166 3039 1259 3092 crocet,
1286 3039 1413 3094 tamquam
1430 3030 1498 3079 abso·

367 3128 423 3161 curn
440 3111 611 3175 aspiceretur,
633 3120 706 3162 notus
728 3121 776 3173 est,
798 3115 910 3179 frequen-
953 3114 1006 3163 luta
1022 3121 1047 3163 et
1065 3114 1270 3177 impersonaliter.

367 3194 477 3241 tissimus
499 3193 540 3242 ille
562 3193 588 3240 in
605 3193 637 3242 N.
656 3195 687 3242 Τ.
704 3195 800 3256 dequo
817 3196 908 3256 optime
985 3193 1137 3242 Doderlinus
1154 3190 1420 3256 agnoscitsubiectain
1434 3203 1499 3250 puer

367 3273 482 3337 exposuit
506 3273 624 3322 Winerus
646 3274 660 3334 ξ
681 3274 721 3326 67.
757 3274 788 3323 In
814 3276 910 3324 Latinis
955 3279 979 3322 et
996 3275 1078 3322 limas.

367 3354 419 3417 ipse
434 3354 554 3403 Horatius
571 3353 651 3416 Epist.
669 3354 705 3402 Π.
723 3369 740 3403 1.
766 3357 819 3405 112,
837 3358 910 3406 Inre-
987 3354 1045 3402 Sive
1055 3354 1140 3415 qratia
1151 3354 1229 3402 vetem
1239 3357 1353 3401 cratem
1370 3348 1497 3397 limasad·

367 3436 423 3482 aior
441 3435 549 3482 Parthis
565 3433 713 3481 mendacior.
954 3435 1040 3482 hosat,
1068 3433 1166 3482 Auctor
1190 3430 1293 3493 Quercli
1312 3447 1337 3494 p.
1357 3430 1412 3479 131.
1438 3430 1497 3475 Am·

402 3512 499 3576 Magna
515 3511 850 3572 raovetstomcchofastidia.
877 3514 910 3562 In
952 3512 1345 3575 pullamtruncamlimosamque
1355 3506 1497 3568 derassa!-

368 3593 422 3641 aliis
439 3597 542 3640 cierent.
577 3589 658 3638 Credo
678 3590 704 3637 in
725 3590 812 3639 iisdem
835 3591 910 3641 fuisse
955 3597 1007 3641 tam
1024 3593 1121 3642 ceratia
1154 3589 1204 3639 Ubi
1221 3587 1319 3638 Horatii
1335 3586 1417 3636 locum
1434 3599 1496 3633 com·

366 3665 504 3722 stomachi,
553 3669 665 3719 Fastidia
694 3678 795 3717 movent
818 3676 910 3719 stoma·
954 3672 1051 3734 paravit
1068 3669 1277 3727 Klinkhamerus,
1295 3668 1321 3715 in
1338 3681 1384 3715 sua
1401 3664 1496 3715 fabulae

367 3754 448 3810 eham,
471 3751 584 3806 turbant,
606 3747 745 3797 sollicitant.
783 3749 910 3800 Bentleins
953 3745 1494 3815 istiuspracclaraeditionc,Amstalod.1829.

846 3895 1010 3918 —000—

775 3993 1009 4063 SATIRA
1053 3999 1092 4064 V.

458 4103 567 4187 „Hoc
591 4135 737 4201 quoque,
762 4112 902 4200 Tiresia,
925 4125 1052 4203 praeter
1076 4124 1206 4184 narrata
1228 4125 1354 4206 petenti

312 4232 315 4237 ’
413 4219 602 4307 Responde,
627 4217 744 4303 quibus
768 4217 905 4285 amissas
928 4244 1075 4306 reparare
1098 4245 1214 4308 queam
1237 4247 1287 4292 res

411 4325 547 4392 Artibus
571 4327 668 4408 atque
690 4320 806 4386 modis.
856 4322 943 4401 Quid
965 4325 1093 4391 rides?“
1130 4328 1267 4410 „iamne
1290 4332 1401 4399 doloso

411 4430 487 4496 Non
510 4426 590 4492 satis
614 4433 664 4491 est
687 4425 834 4491 Ithacam
856 4429 966 4495 revehi
988 4431 1175 4518 patriosque
1197 4440 1331 4520 penates

545 4569 679 4620 SATIRA
700 4568 734 4617 p¹
951 4559 1006 4593 cam
1027 4548 1117 4595 revehi.
1145 4547 1177 4595 D.
1202 4549 1320 4598 Heinsius
1347 4553 1491 4602 coniecerat:

950 4624 1046 4684 iamne,
1062 4627 1154 4689 dolose,
1171 4630 1230 4676 Non
1246 4632 1308 4678 satis
1324 4638 1360 4680 est
1377 4635 1492 4683 Ithacam

400 4669 501 4752 Ioniae
512 4703 591 4751 dolam
624 4703 682 4750 Non
698 4701 762 4749 satis
779 4706 817 4749 est
832 4705 907 4752 Icta-
950 4704 1039 4752 recehr'.
1073 4706 1128 4755 Hoc
1152 4707 1254 4761 mirifice
1275 4710 1354 4774 placet
1375 4713 1491 4764 Bentleio.
