3750 5759
371 699 433 761 lbi
763 692 1115 758 sATIRARUM

415 873 519 963 „Pars
545 879 717 943 hominum
741 877 831 942 vitiis
852 877 975 962 gaudet
997 883 1196 960 constanter,
1218 883 1251 942 et
1272 883 1372 963 urget

414 983 644 1068 Propositum3
668 1003 743 1066 pars
768 982 875 1045 multa
898 985 1011 1062 natat,
1039 980 1137 1045 modo
1155 988 1243 1046 recta
1271 1003 1473 1067 capessens,

417 1087 588 1153 Interdum
611 1085 720 1171 pravis
743 1084 892 1150 obnoxia.
943 1085 1045 1169 Saepe
1066 1089 1201 1150 notatus

415 1191 499 1256 Cum
526 1189 631 1255 tribus
655 1188 791 1269 anellis,
812 1187 910 1251 modo
931 1187 1025 1252 laeva
1051 1187 1187 1252 Priscus
1209 1187 1320 1271 inani,

415 1292 510 1357 Vixit
529 1291 731 1378 inaequalis,
756 1290 887 1355 clavum
909 1296 948 1354 ut
967 1295 1111 1355 mutaret
1133 1290 1168 1354 in
1194 1291 1312 1374 horas,

413 1395 560 1461 Aedibus
588 1417 629 1460 ex
651 1393 782 1478 magnis
808 1393 917 1458 subito
941 1415 976 1458 se
1001 1392 1169 1476 conderet,
1194 1393 1284 1458 unde

416 1499 571 1563 Mundior
594 1497 697 1563 exiret
719 1495 777 1562 vix
799 1495 973 1561 libertinus
997 1496 1148 1574 honeste3

416 1603 487 1666 lam
510 1601 665 1667 moechus
690 1600 832 1681 Romae,
857 1598 924 1663 iam
947 1599 1063 1664 mallet
1086 1599 1200 1664 doctus
1225 1598 1368 1665 Athenis

414 1704 548 1786 Vivere,
572 1704 783 1786 Vertumnis,
809 1707 971 1788 quotquot
994 1708 1088 1786 sunt,
1113 1708 1211 1768 natus
1235 1703 1369 1789 iniquis.

417 1808 533 1873 Scurra
555 1807 768 1890 Volanerius,
793 1811 969 1892 postquam
992 1805 1044 1870 illi
1067 1806 1155 1871 iusta
1179 1808 1334 1892 cheragra

417 1911 577 1976 Contudit
599 1911 770 1994 articulos,
795 1910 852 1996 qui
874 1933 933 1995 pro
958 1933 992 1976 se
1017 1911 1147 1977 tolleret
1169 1917 1267 1996 atque

416 2015 564 2081 Mitteret
587 2015 622 2079 in
644 2015 796 2101 phimum
820 2014 922 2098 talos,
947 2015 1094 2080 mercede
1117 2015 1235 2080 diurna

416 2119 624 2184 Conductum
646 2117 757 2202 pavit:
782 2122 904 2202 quanto
928 2117 1132 2183 constantior
1154 2118 1259 2184 isdem

416 2223 456 2287 In
479 2221 587 2305 vitiis,
612 2227 705 2286 tanto
728 2221 832 2286 levius
856 2220 956 2286 miser
979 2243 1015 2286 ac
1039 2221 1127 2306 prior
1153 2221 1228 2304 ille,

417 2326 482 2406 Qui
500 2326 567 2391 iam
591 2331 763 2408 contento,
788 2325 854 2391 iam
878 2323 954 2389 laxo
976 2325 1055 2390 fune
1078 2325 1239 2390 laborat.“

418 2429 516 2511 „Non
540 2428 626 2494 dices
650 2429 766 2511 hodie,
792 2449 946 2513 quorsum
970 2428 1049 2493 haec
1074 2433 1143 2493 tam
1167 2428 1284 2514 putida
1308 2429 1467 2515 tendant,

417 2531 600 2598 Furcifer?“
611 2532 916 2617 „Adte,inquam.“
935 2530 1335 2617 „Quopacto,pessime?“
1353 2533 1513 2616 „Laudas

407 2717 459 2776 Qui
483 2718 535 2764 iarn
556 2717 831 2772 intentantium
851 2715 916 2776 farre
935 2711 938 2724 ‘
956 2715 1179 2777 qestamoportuit.
1198 2713 1239 2763 Sa.
1258 2713 1310 2773 Qui
1317 2716 1393 2776 potui
1409 2715 1511 2774 melius,

371 2799 478 2846 laborat.
522 2796 673 2858 Interpretes
699 2809 755 2843 eum
788 2794 915 2843 Laudino:
957 2794 1001 2854 qui
1018 2794 1180 2856 indicatque
1196 2791 1360 2855 orpraebui?
1377 2793 1509 2840 Donatus:

373 2875 530 2932 „Translatio
547 2889 562 2922 a
578 2874 696 2936 colligata
712 2874 788 2923 fera.“
814 2872 916 2934 Cogita·
958 2874 1060 2930 „Hodie
1076 2886 1126 2920 non
1143 2879 1241 2935 tempus
1257 2871 1390 2934 significat,
1406 2873 1452 2920 sed
1460 2872 1508 2920 ira·

372 2955 428 3001 bam
447 2955 638 3017 funambulum.
671 2953 712 3001 Ita
737 2954 816 3017 Epist.
839 2952 874 3001 11.
898 2967 916 3001 1.
958 2951 1064 2999 tundam
1089 2951 1256 3015 eloquentiam
1281 2965 1311 2998 ao
1335 2951 1508 3012 stomachum

371 3034 429 3081 215.
456 3035 508 3081 Iile
530 3047 577 3092 per
593 3037 723 3078 eutentunr
746 3033 836 3093 sunem
854 3033 917 3079 mihi
958 3035 985 3077 ut
1009 3030 1145 3093 Virgilius:
1174 3032 1313 3093 Nunquam
1335 3045 1420 3078 omnes
1436 3032 1508 3080 hodie

371 3125 442 3172 posse
458 3112 558 3158 videtur
591 3110 646 3157 Ire.
958 3110 1092 3158 moriemur·
1113 3112 1218 3158 inulti.“
1251 3109 1368 3157 Donatus
1390 3124 1442 3157 non
1465 3123 1506 3159 ex·

407 3192 466 3237 Non
482 3191 549 3237 dices
565 3189 648 3244 hodie,
665 3201 784 3249 quorsum
795 3187 917 3236 auertant
957 3186 1032 3249 plicat
1052 3188 1187 3246 rationem,
1208 3202 1258 3250 qua
1282 3189 1355 3236 hodie
1379 3189 1505 3238 notionem

370 3269 464 3328 putida
481 3268 603 3323 tardant,
629 3265 771 3328 Furcifer?
802 3266 858 3315 Nisi
876 3269 916 3317 ho-
957 3267 1099 3315 iracundiae
1116 3274 1233 3316 assumat.
1250 3268 1368 3316 Fortasse
1385 3267 1445 3316 hac:
1462 3272 1506 3332 qui

372 3349 413 3396 die
437 3345 580 3410 simpliciter
605 3345 637 3393 sit
669 3346 713 3393 hoc
739 3347 791 3402 die,
821 3352 915 3408 opposi·
957 3346 1026 3407 potui
1042 3346 1130 3394 melius
1147 3347 1170 3395 ei
1186 3360 1281 3395 morem
1298 3359 1397 3408 gerere,
1411 3343 1506 3409 quivel

371 3434 426 3474 tum
450 3434 548 3488 tempus
565 3425 614 3472 diei
629 3424 737 3472 crastino
753 3432 796 3472 ant
813 3439 915 3488 sequen·
958 3422 1041 3483 hodie,
1067 3426 1154 3488 paullo
1170 3433 1239 3483 ante,
1265 3426 1301 3474 sic
1316 3424 1348 3472 sb
1365 3438 1396 3473 eo
1419 3424 1504 3474 verbe

371 3504 450 3562 tibus,
476 3502 568 3566 aliquid
589 3501 727 3564 significat,
754 3503 821 3565 quod
841 3503 915 3552 verbo
957 3509 1025 3550 ratus
1046 3504 1109 3564 sim,
1134 3511 1162 3553 ut
1187 3505 1259 3568 signa
1284 3504 1311 3552 in
1332 3503 1406 3551 vultu
1428 3503 1504 3552 livido

372 3598 423 3631 uno
447 3583 554 3646 exprimi
580 3596 632 3629 non
656 3586 749 3644 potest,
775 3582 817 3630 sed
840 3582 915 3644 pluri·
958 3582 1042 3630 videre
1057 3585 1143 3646 possis.
1176 3586 1209 3634 In
1226 3583 1340 3646 exemplo
1361 3582 1505 3645 virgiliano

372 3661 417 3709 bus
435 3676 467 3710 ox
484 3661 606 3710 sententia
622 3660 686 3708 effici
703 3661 782 3708 debet.
809 3661 857 3709 Est
873 3676 916 3709 au·
958 3661 1024 3710 Aen.
1042 3662 1079 3711 ΙΙ.
1103 3664 1159 3715 670.
1182 3679 1311 3727 nunquam
1329 3664 1401 3711 bodie
1416 3661 1504 3710 immu-

371 3749 423 3788 tem
451 3755 502 3788 vox
523 3741 574 3788 irae
596 3753 653 3786 omn
682 3739 762 3786 ironia
786 3740 917 3800 minantis,
958 3739 1031 3788 tabile
1048 3743 1177 3791 eonsilium
1194 3742 1292 3790 indicat.
1323 3742 1450 3805 Quidquid
1467 3756 1504 3792 ac·

372 3826 396 3866 et
413 3833 497 3867 morae
513 3819 650 3882 impatiens.
678 3819 737 3866 Non
753 3820 821 3867 dices
838 3820 917 3880 hodie,
958 3819 1045 3868 ciderit
1062 3828 1147 3880 antea,
1163 3821 1282 3884 quidquid
1299 3828 1384 3884 postea
1395 3821 1504 3870 accidere

372 3911 422 3945 non
434 3898 499 3946 dices
510 3897 579 3960 prius
589 3912 664 3960 quam
676 3897 832 3958 vesperascit,
841 3913 915 3961 quam
958 3898 1047 3960 possit,
1064 3901 1146 3957 bodie,
1167 3913 1233 3947 nunc
1254 3913 1304 3948 non
1320 3900 1395 3948 inulti
1417 3902 1503 3951 morie-

372 3976 424 4024 dies
441 3977 578 4039 praeteriit,
596 3991 646 4024 non
663 3975 746 4023 statim
764 3976 845 4024 dices?
864 3978 915 4026 Ex·
958 3992 1021 4026 mur.
1054 3978 1168 4027 Donatus
1205 3978 1252 4026 sibi
1285 3993 1374 4041 parum
1402 3960 1503 4028 constat.

319 4111 328 4118 ξ
372 4055 537 4118 spectabisne,
553 4055 658 4104 cessabis
669 4055 801 4112 dicere,et
813 4054 916 4104 fortasse
958 4058 1024 4106 Nam
1045 4058 1077 4105 ad
1099 4059 1200 4106 Terent.
1218 4059 1328 4121 Adelph.
1346 4058 1396 4108 IV.
1418 4075 1447 4108 11.
1464 4061 1503 4108 31.

369 4149 427 4183 cras
444 4135 525 4183 dices?
543 4135 626 4183 Plaut.
650 4133 751 4183 Curcul.
768 4134 803 4183 V.
820 4148 859 4183 111.
879 4136 916 4184 ll.
961 4137 1042 4184 Hodie
1072 4152 1200 4198 nunquam
1234 4142 1392 4188 ntonstrabo:
1430 4139 1501 4188 dicit:

373 4215 556 4273 eternoacum
572 4220 609 4263 est
628 4216 676 4262 tibi
701 4217 757 4261 Aut
773 4219 853 4263 tecum
871 4218 915 4263 nri·
958 4216 1047 4270 „hodie
1064 4221 1107 4262 aut
1123 4215 1241 4276 abundat,
1257 4225 1285 4266 ut
1298 4220 1438 4280 Nunquam
1456 4235 1504 4268 om·

372 4293 420 4342 ni?
437 4291 508 4340 aut?
537 4292 586 4340 Th.
614 4293 685 4351 Quia
699 4307 780 4354 eqoea
805 4299 829 4340 te
846 4294 918 4341 hodie
957 4310 1000 4343 nes
1017 4295 1087 4343 bodie
1103 4296 1238 4343 moriemur
1255 4298 1345 4354 inuiti,
1363 4303 1422 4355 aut,
1439 4313 1502 4346 nun·

364 4371 467 4433 faciant
484 4373 566 4432 pilum
583 4372 799 4432 catapultarium,
817 4371 842 4418 id
868 4379 916 4420 est:
957 4387 1032 4434 quam
1057 4373 1127 4420 bodie
1148 4387 1193 4434 pro
1209 4374 1280 4422 nullo
1298 4379 1410 4437 tempore
1428 4376 1502 4424 huius

371 4462 430 4499 ante
456 4464 598 4512 vesperam,
623 4449 695 4498 illico.
740 4450 827 4498 Minus
852 4459 917 4500 recte
958 4450 1018 4509 diei,
1041 4451 1098 4513 qnia
1119 4467 1248 4513 nunquam
1270 4465 1314 4512 per
1331 4465 1357 4499 sa
1374 4459 1413 4500 est
1430 4467 1502 4516 gene·

373 4529 564 4579 Taubmannusz
590 4529 678 4584 ,hodie
699 4529 791 4577 comice
812 4530 917 4593 additu-r,
958 4528 1032 4576 rale.“
1059 4528 1140 4590 Quam
1158 4531 1273 4594 antiquus
1296 4529 1366 4578 verbi
1383 4531 1416 4580 sit
1431 4547 1502 4589 usus,

372 4617 397 4656 et
430 4607 539 4656 abundat
564 4608 595 4654 ad
629 4613 769 4655 ornatum.“
817 4609 917 4658 Terent.
959 4616 1061 4671 apparot
1081 4624 1114 4656 ex
1130 4609 1234 4669 Plauto,
1256 4618 1281 4658 ct
1304 4609 1416 4668 Naevia,
1434 4611 1503 4658 cuius

372 4687 481 4750 Adelph.
501 4686 537 4736 II.
556 4701 583 4735 11.
604 4687 628 4736 7.
653 4688 809 4736 ,idolescenti
827 4703 918 4737 vitarem
937 4691 939 4752 ξ
959 4701 1057 4735 versum
1079 4688 1198 4737 Heinsius
1219 4690 1249 4737 ad
1271 4689 1287 4737 l.
1308 4689 1324 4737 l.
1347 4688 1452 4754 Virgilii
1468 4697 1503 4738 at·
