3750 5759
377 663 438 728 108
765 664 1115 733 SATIRARUM

416 847 466 912 Ac
490 854 642 914 venerata
666 850 779 935 Ceres,
804 852 851 918 ita
875 854 983 919 culmo
1008 860 1156 939 surgeret
1179 855 1266 936 alto,

418 950 588 1036 Explicuit
610 955 687 1021 vino
711 962 896 1023 contractae
919 959 1003 1025 seria
1026 958 1154 1025 frontis.

418 1053 549 1121 Saeviet
572 1063 669 1144 atque
693 1082 794 1126 novos
819 1068 950 1128 moveat
972 1063 1105 1128 fortuna
1128 1064 1310 1142 tumultus;

417 1156 585 1236 Quantum
601 1162 678 1229 hinc
700 1164 898 1231 imminuet?
916 1171 1039 1251 quanto
1059 1173 1117 1232 aut
1136 1189 1197 1253 ego
1218 1168 1346 1253 parcius
1367 1173 1506 1252 cutvos,

417 1259 445 1326 Ο
467 1264 574 1350 pueri,
600 1264 768 1353 nituistis,
792 1274 831 1335 ut
854 1269 917 1335 huc
941 1292 1045 1336 novus
1070 1270 1178 1337 incola
1197 1272 1311 1337 venit?

371 1433 486 1487 corrupto
510 1430 586 1490 culpa
606 1427 683 1476 latere
708 1440 800 1475 nomen
819 1425 916 1489 aliquod
960 1420 1065 1469 frontem
1083 1421 1207 1484 explieat?
1226 1423 1425 1472 commentator:
1453 1433 1507 1481 „ro·

371 1506 497 1567 proprium
525 1511 637 1566 villicae,
661 1506 741 1570 qualis
769 1513 823 1555 erat
847 1522 871 1554 v.
896 1521 917 1557 c,
960 1507 1019 1562 gata
1035 1501 1123 1550 deinde
1141 1501 1229 1560 Ceres,
1246 1509 1275 1551 ut
1292 1511 1463 1566 perseveraret
1480 1503 1507 1551 in

370 1587 468 1633 rustica
487 1588 611 1649 Phidyle,
627 1600 713 1644 serva,
729 1600 774 1633 sen
790 1584 917 1637 libertina,
959 1580 1086 1644 frugibus,
1109 1583 1144 1630 ita
1169 1591 1198 1632 ιιι
1214 1599 1241 1633 sa
1257 1586 1409 1642 ostenderat,
1434 1584 1506 1632 tristi-

370 1662 409 1709 cui
431 1664 528 1726 scripsit
550 1663 632 1714 Carm.
651 1664 701 1714 Ill.
714 1678 793 1712 xxm.
819 1664 916 1714 Ofellus

370 1740 422 1789 sine
431 1743 505 1791 dubio
514 1743 617 1792 habebat
628 1744 770 1793 huiusmodi
778 1742 915 1801 mulierem,

369 1835 488 1883 quaeres
513 1823 657 1871 domesticas
679 1822 788 1871 curabat.
821 1822 861 1871 De
879 1837 916 1871 re·

369 1900 414 1947 bus
431 1901 483 1951 istis
496 1910 662 1965 exposuerunt
672 1902 747 1960 Cato,
759 1909 783 1950 et
799 1902 853 1950 fuse
867 1901 915 1951 Co·

369 1979 470 2029 lumella
487 1983 512 2030 in
529 1983 607 2031 Libro
618 1983 681 2032 XII.
708 1982 794 2043 Qualis
811 1982 858 2039 vir,
877 1996 915 2030 so·

369 2060 443 2121 huus,
461 2063 551 2122 durus,
568 2077 664 2124 parcus,
675 2061 732 2109 talis
749 2060 840 2110 villica.
866 2062 914 2110 Le·

368 2138 424 2200 pide
440 2140 517 2203 igitur
527 2140 673 2203 magistram
685 2139 755 2197 fecit,
765 2153 828 2202 quae
840 2139 914 2202 probe

368 2227 479 2279 caveret,
502 2234 533 2267 ne
554 2220 672 2268 convivae
695 2218 768 2266 nimis
786 2226 913 2281 potarent,

367 2305 392 2345 et
408 2306 492 2346 tamen
508 2299 566 2347 satis
591 2299 745 2356 concederet,
763 2304 791 2345 ut
807 2296 913 2346 frontem

367 2376 530 2439 explicarent,
551 2385 575 2426 et
592 2378 655 2426 inter
672 2378 735 2425 risus
753 2383 778 2425 et
795 2378 859 2426 iocos
876 2393 913 2427 se·

368 2470 442 2504 verae
458 2457 666 2520 modimperatrici
680 2457 776 2505 villicae
791 2465 912 2519 parerent.

367 2535 465 2583 Nomen
482 2550 535 2584 esse
552 2536 631 2599 potuit
652 2538 757 2585 Paullo.
783 2539 848 2586 Post
870 2541 914 2587 boc

367 2616 443 2662 ludus
468 2621 523 2663 erat
550 2617 647 2663 Pauilu
662 2621 752 2678 potare
780 2618 912 2678 rrrcpistra.

366 2693 466 2742 Pictum
477 2708 567 2747 nomen
579 2708 651 2758 saepe
662 2694 755 2757 legitur
768 2697 833 2758 apud
845 2697 913 2746 Mar·

366 2774 457 2823 tialem.
492 2776 532 2823 Ea
557 2774 640 2823 villica
664 2781 717 2822 erat
738 2789 810 2836 uxor,
835 2784 913 2840 nupta

368 2853 458 2914 Ofello,
482 2855 552 2903 utin
575 2853 687 2903 Martial.
704 2854 738 2903 V.
760 2855 799 2904 66.
821 2858 913 2906 Vittica

368 2936 405 2983 vel
423 2937 482 2983 duri
507 2950 644 2998 compressu
669 2940 705 2983 est
723 2941 806 2996 nupta
825 2937 913 2985 coloni.

368 3012 486 3061 Horatius
518 3028 553 3062 vs.
581 3014 635 3063 115.
660 3013 773 3062 nominat
803 3014 914 3065 Ofellum

369 3099 461 3142 metato
477 3095 505 3142 ic
522 3094 601 3156 apello
628 3092 693 3141 Cum
708 3109 796 3156 pecore
812 3102 838 3143 et
853 3112 912 3159 yac-

369 3174 404 3221 tis
423 3172 520 3235 fortem
547 3175 656 3223 mercede
682 3174 803 3225 colonum.
844 3176 914 3239 Ergo

368 3256 451 3313 nupta
472 3259 525 3301 erat
545 3253 624 3311 domi,
649 3253 749 3302 nomine
766 3255 914 3316 honestiore,

370 3328 472 3379 fortasse
488 3332 577 3381 liberta
594 3333 715 3383 dominae.

402 3415 441 3461 Ac
458 3418 576 3461 cerravrta
588 3412 674 3470 Ceres,
687 3415 726 3461 ita
740 3415 819 3462 cuinro
832 3428 915 3478 surpe-

369 3496 408 3539 ret
418 3493 484 3548 alto,
502 3492 647 3553 Explicuit.
674 3490 913 3555 Participiumcene-

959 1660 1020 1708 tiam
1042 1662 1162 1725 explicuit
1183 1664 1266 1714 vino.“
1283 1664 1409 1723 Bacchus,
1434 1671 1508 1726 puto.

958 1747 995 1788 est
1011 1741 1083 1789 dator
1100 1743 1220 1801 laetitiae,
1237 1758 1288 1792 non
1306 1742 1393 1803 Ocres,
1405 1744 1454 1791 nisi
1464 1757 1507 1806 po·

958 1826 1053 1881 tarent,
1069 1829 1098 1869 ut
1122 1829 1216 1871 veteres
1234 1822 1354 1873 Germani
1371 1824 1438 1885 apud
1457 1823 1507 1871 Ta·

957 1899 1047 1958 citum,
1068 1901 1197 1949 humorem
1219 1916 1252 1950 ex
1273 1902 1366 1950 hordeo
1387 1908 1432 1949 aut
1454 1901 1507 1949 fru-

956 1986 1055 2039 mento,
1082 1980 1108 2027 in
1133 1980 1321 2029 similitudinem
1346 1980 1398 2028 vini
1421 1994 1506 2028 corru-

956 2067 1034 2121 ptum.
1068 2060 1123 2109 Iam
1140 2062 1179 2109 ita
1199 2067 1325 2124 surgeret,
1341 2074 1387 2123 pro
1404 2058 1439 2107 ita
1455 2059 1507 2107 cul·

957 2152 997 2186 mo
1014 2147 1134 2201 surgeret,
1152 2145 1181 2188 at
1198 2155 1224 2189 se
1235 2141 1386 2197 ostenderat,
1396 2152 1507 2188 crescere

955 2226 1081 2281 coeperat,
1099 2226 1136 2267 est
1152 2219 1216 2266 dura
1232 2218 1325 2282 ellipsis
1361 2218 1416 2266 Nec
1432 2217 1507 2267 video

955 2299 1015 2361 quid
1027 2298 1141 2347 differant
1152 2301 1233 2349 culino
1244 2313 1345 2360 surgere
1355 2305 1379 2346 et
1389 2313 1507 2356 crescere,

955 2384 983 2425 ut
988 2376 1163 2440 explicandum
1173 2377 1270 2441 putavit
1282 2376 1345 2424 alius
1358 2376 1505 2426 Scholiasta.

955 2457 987 2505 In
1004 2458 1106 2506 vetustis
1123 2459 1181 2507 edit.
1199 2457 1332 2520 corrigitur
1353 2462 1390 2505 ut.
1416 2455 1506 2506 Conie-

956 2538 990 2586 ci:
1009 2544 1091 2601 napta
1106 2544 1197 2601 potare
1213 2540 1351 2600 ηιαριιινα,Ι
1376 2538 1450 2595 Quae
1467 2553 1505 2585 ec·

956 2622 1062 2675 amatu,
1083 2616 1157 2666 Ceres
1178 2623 1208 2664 ut
1226 2619 1306 2667 culmo
1316 2620 1431 2677 surgeret
1443 2617 1505 2675 ulto,

957 2698 1095 2758 Explicuit
1112 2699 1171 2746 vireo
1188 2701 1334 2746 contractae
1350 2697 1418 2744 seria
1433 2696 1506 2754 frore·

956 2775 997 2823 tis.
1030 2776 1117 2838 Nupta
1147 2775 1235 2834 Ofelli,
1262 2781 1290 2822 ut
1315 2780 1368 2822 erat
1393 2772 1505 2822 officinm

955 2852 1033 2904 bonae
1058 2855 1167 2915 villicae,
1193 2856 1302 2919 primum
1329 2853 1422 2902 libabat
1446 2854 1505 2903 Diis

955 2934 1104 2999 Deabusque
1118 2936 1257 2998 agrestibus
1267 2942 1340 2994 ,ante
1356 2947 1442 2983 omnes
1456 2933 1505 2983 Ce-

956 3014 1013 3073 reri,
1038 3022 1066 3063 ut
1091 3014 1157 3063 laeta
1181 3030 1252 3079 seges
1276 3014 1358 3062 culmo
1382 3021 1504 3077 surgeret.

954 3090 1053 3151 Libato,
1069 3096 1187 3143 convivas
1199 3095 1281 3143 bibere
1298 3092 1403 3157 exlege
1424 3100 1449 3142 et
1466 3108 1505 3141 ar·

955 3170 1028 3221 bitrio
1050 3188 1096 3222 suo
1109 3173 1215 3232 iubebat,
1232 3186 1387 3237 regnumque
1405 3186 1505 3221 exerce-

956 3250 1009 3311 bat,
1026 3259 1051 3301 et
1075 3253 1139 3302 seria
1155 3252 1242 3302 frontis
1259 3251 1405 3315 explicabat.
1428 3253 1505 3301 Vene-

956 3338 1029 3390 ruta,
1054 3334 1125 3397 quasi
1142 3332 1253 3382 absolute
1269 3332 1390 3396 positum,
1408 3346 1506 3395 semper

955 3423 987 3458 ex
1004 3411 1135 3461 verborum
1153 3413 1275 3460 sententia
1289 3413 1373 3470 sumit,
1389 3413 1455 3459 unde
1470 3411 1505 3460 ef·

955 3489 1031 3550 licias,
1047 3508 1118 3555 quem
1135 3493 1191 3555 quis
1205 3500 1337 3541 veneratus
1351 3493 1390 3541 sit.
1408 3490 1505 3541 Tibull.

369 3576 429 3619 ruta
445 3571 541 3634 passive
558 3572 667 3634 accipere
683 3572 804 3633 cogimur.
831 3572 914 3622 Huius
955 3570 976 3619 I.
994 3585 1012 3620 1.
1031 3574 1070 3621 ll.
1088 3574 1156 3621 Nam
1173 3588 1290 3632 ceuemr,
1307 3588 1350 3621 seu
1366 3573 1445 3633 stipes
1460 3572 1504 3619 ber·

368 3657 451 3699 autem
468 3651 655 3713 significationis
665 3660 759 3700 certum
771 3652 913 3716 exemplum
956 3653 995 3700 bet
1014 3653 1126 3701 desertus
1143 3654 1170 3701 iu
1198 3654 1276 3714 apris,
1310 3653 1360 3700 Seu
1382 3656 1452 3699 retus
1477 3651 1505 3698 in

369 3744 419 3779 non
436 3729 575 3780 offenditur.
597 3731 748 3781 scholiastae
764 3732 814 3780 iam
831 3739 913 3781 osten·
957 3731 1032 3779 trivio
1042 3730 1128 3793 florea
1144 3736 1214 3779 serta
1232 3731 1306 3793 lapis.
1326 3729 1415 3777 Horat.
1428 3728 1504 3778 Satir.

370 3810 459 3858 derunt
475 3810 568 3874 Virgil.
585 3810 650 3859 Aen.
668 3811 717 3860 III.
735 3812 791 3861 460,
812 3827 913 3863 cursus·
956 3808 1504 3859 Il.v1.8.Siccaeroretuttuscihitborum.

369 3906 416 3952 que
443 3890 515 3939 dubit
550 3897 670 3940 venerata
699 3894 821 3942 sciendos.
863 3892 915 3943 Ubi
955 3889 1004 3939 Ubi
1012 3890 1143 3939 antecessit
1152 3890 1228 3938 Maia
1238 3896 1310 3947 nate,
1324 3895 1353 3936 ut
1366 3889 1392 3937 in
1403 3888 1505 3938 Tibullo

371 3969 486 4019 Servius:
511 3985 602 4034 „quam
619 3977 648 4018 tu
665 3978 795 4019 veneratus
815 3972 856 4032 sis,
874 3972 914 4021 vel
955 3970 1025 4017 adest
1034 3970 1112 4032 stipes
1124 3976 1149 4017 et
1158 3972 1232 4032 lupis,
1243 3984 1317 4033 quem
1331 3968 1503 4019 venerabatur.

370 4058 487 4099 venerata
504 4065 548 4113 pro
565 4058 590 4099 to
606 4051 687 4112 Deos,
712 4051 759 4099 hoc
776 4059 825 4110 est,
842 4067 914 4115 roga·
992 4051 1093 4108 Quanto
1118 4056 1165 4098 aut
1189 4065 1231 4112 epo
1251 4052 1368 4112 parcius,
1391 4056 1439 4098 cut
1455 4066 1505 4109 ros,

370 4130 402 4180 tis
418 4145 462 4193 pro
479 4138 503 4179 te
520 4130 606 4179 Deis“
622 4131 778 4182 Verumest:
794 4138 913 4182 vener-cetu
958 4130 980 4177 0
999 4132 1075 4191 pueri
1100 4131 1225 4178 nituistis.
1258 4128 1362 4178 Melius:
1388 4130 1505 4188 Quando,

370 4212 447 4261 Deos.
480 4211 508 4261 Si
523 4210 645 4275 Virgilius
669 4211 765 4275 scripsit
781 4227 915 4275 cursusque
955 4209 1025 4272 Ipse,
1050 4216 1078 4257 ut
1100 4208 1185 4272 pueri,
1210 4215 1266 4272 post
1283 4208 1395 4272 singulas
1415 4223 1504 4257 coenas

369 4292 440 4340 dubit
465 4297 584 4340 veneratu
611 4293 742 4351 secundos,
770 4291 836 4353 quod
864 4290 913 4354 ple·
955 4290 1025 4353 quasi
1048 4287 1173 4348 nitebant,
1195 4304 1291 4352 semper
1318 4290 1395 4338 saturi
1425 4297 1504 4337 erant.

369 4384 475 4434 rumque
497 4371 528 4419 ab
548 4371 723 4434 interpretibus
742 4372 868 4435 accipitur,
889 4378 914 4420 et
956 4369 1042 4420 Oratio
1066 4371 1163 4418 rustica.
1191 4368 1276 4428 Nihil,
1301 4369 1347 4427 ait,
1368 4368 1437 4416 nobis
1457 4382 1504 4416 un·

369 4464 428 4498 sanc
450 4456 571 4513 praestat,
591 4458 676 4500 manet
697 4458 816 4501 reumata
833 4450 914 4499 activo
955 4463 1029 4511 quam
1051 4448 1139 4508 defuit,
1164 4449 1225 4497 adeo
1246 4455 1274 4497 ut
1295 4463 1345 4497 non
1361 4447 1443 4509 magis
1467 4448 1504 4497 ni-

369 4541 451 4578 sensn.
484 4530 515 4578 In
532 4531 638 4580 Aeneid.
655 4530 733 4581 VIII.
750 4532 790 4584 76,
807 4533 913 4580 celebra·
954 4537 1062 4579 teramus
1087 4537 1144 4579 ante
1169 4530 1304 4578 adventum
1327 4529 1387 4577 novi
1401 4528 1503 4579 incolae.

370 4612 425 4658 bere
452 4616 490 4659 est
510 4625 598 4659 manus
615 4611 715 4675 poetae,
738 4625 789 4658 non
813 4626 913 4659 reneru-
956 4608 1154 4659 Commentator:
1184 4609 1262 4668 „bene
1287 4608 1379 4672 accepti
1409 4607 1503 4666 fuistis,

371 4693 432 4742 bere.
467 4690 597 4753 Quomodo
613 4697 695 4739 autem
711 4690 785 4740 Ceres
802 4688 913 4739 convivis
955 4689 1016 4739 bens
1041 4690 1163 4739 vixistis.“
1193 4692 1282 4741 Nitere
1307 4696 1330 4739 et
1353 4690 1452 4739 nitidus
1472 4690 1504 4737 de
