3750 5759
448 663 468 700 J(
1002 676 1042 686 ..-

489 826 692 886 societatibus
713 842 832 898 quoque
855 825 981 880 eruditis
1003 833 1068 880 erat
1089 824 1231 893 allectus,
1263 833 1296 881 ut
1323 824 1482 895 Leidensi,
1507 823 1587 880 Har-

396 977 399 982 .
448 933 584 1002 lemensi,
607 932 750 988 Instituto
772 930 840 987 olim
862 930 971 1005 Regio,
1002 929 1183 1005 Theologico
1209 929 1328 1004 Teyleri
1349 929 1486 1006 collegio,
1509 930 1588 986 aliis.

449 1038 642 1107 Leidensem,
663 1037 831 1093 excolendo
854 1036 985 1092 sermoni
1006 1035 1194 1105 Neerlando,
1220 1037 1320 1110 magni
1335 1035 1476 1093 faciebat.
1510 1033 1590 1093 Con-

448 1144 589 1201 ventibus
618 1144 748 1199 omnium
772 1142 920 1198 sodalium
943 1142 1051 1199 annuis
1073 1151 1120 1198 ter
1136 1150 1166 1198 et
1191 1141 1392 1216 quinquagies
1412 1140 1588 1197 interfuisse

449 1268 507 1305 uon
523 1248 649 1304 multum
665 1249 770 1304 aberat
782 1246 855 1320 quin
867 1246 1061 1320 gloriaretur:
1084 1247 1215 1304 laetatus
1240 1255 1321 1304 certe
1343 1254 1405 1316 cst,
1430 1264 1498 1303 oum
1514 1264 1589 1302 una·

449 1352 520 1409 nimi
544 1370 691 1409 consensu
716 1351 815 1408 socius
841 1351 1018 1407 honorarius
1053 1350 1216 1408 diceretur.
1261 1350 1327 1408 Nec
1360 1370 1434 1408 vero
1465 1349 1590 1407 minoris

448 1459 578 1517 faciebat
613 1457 851 1514 Harlemensem.
895 1456 955 1515 Sed
988 1465 1021 1513 ut
1047 1458 1216 1527 accederet,
1245 1455 1298 1513 diu
1326 1475 1344 1513 a
1370 1473 1401 1512 se
1430 1457 1589 1531 impetrare
1646 1519 1648 1522 Α

449 1583 507 1621 non
535 1565 643 1639 potuit,
678 1561 748 1636 quia
778 1560 951 1618 Ludovicus
982 1562 1122 1638 Napoleo
1150 1561 1317 1619 nominatus
1347 1569 1411 1619 erat
1436 1558 1588 1635 patronusss

448 1671 517 1727 Non
545 1670 648 1726 oderat
673 1668 814 1742 optimum
839 1667 1132 1742 Napoleonidarum,
1164 1669 1214 1742 qui
1237 1668 1387 1724 obtrusam
1409 1666 1466 1724 sibi
1490 1686 1509 1723 a
1530 1665 1589 1723 fra·

448 1784 492 1832 tre
519 1793 625 1831 novam
653 1771 780 1849 patriam
805 1771 888 1829 brevi
918 1790 1018 1828 amare
1047 1771 1212 1840 didicisset;
1236 1774 1287 1829 sed
1320 1779 1407 1829 natus
1439 1773 1471 1829 in
1502 1791 1589 1849 repu-

448 1881 538 1952 blica,
571 1898 677 1955 magna
708 1878 760 1935 illa
793 1876 922 1935 virorum
957 1886 986 1933 et
1008 1877 1149 1934 virtutum
1180 1879 1309 1935 omnium
1334 1888 1475 1954 parente,
1497 1897 1590 1954 regno

448 2006 506 2043 non
532 1986 628 2043 atatim
654 1983 850 2041 assuescebat.
879 1982 986 2054 Neque
1015 1982 1110 2039 adhuc
1138 2000 1192 2039 usu
1214 2001 1329 2039 eramus
1349 1984 1462 2054 edocti,
1495 1984 1590 2060 impe·

448 2095 523 2150 rium
551 2092 639 2148 unius
671 2099 701 2146 et
721 2089 888 2146 libertatern
910 2096 1018 2144 natura
1045 2106 1105 2144 non
1127 2106 1192 2145 csse
1215 2087 1431 2160 dissociabilis,
1464 2107 1589 2162 eamque

448 2217 507 2257 non
532 2197 639 2254 laetius
665 2196 770 2251 florere
793 2212 880 2266 quam
900 2193 932 2250 in
955 2191 1090 2263 civitate,
1113 2193 1166 2250 ubi
1188 2194 1282 2250 bonae
1304 2193 1387 2268 leges
1409 2202 1589 2269 potestatem

447 2301 587 2378 principis
615 2311 645 2358 et
671 2300 894 2373 magistratuum
919 2306 1100 2374 temperant,
1128 2306 1158 2354 et
1183 2297 1244 2354 suis
1271 2316 1419 2372 quamque
1442 2298 1589 2357 limitibus

448 2416 596 2466 coercent.
640 2404 797 2464 Caeterum
824 2405 991 2475 Institutis,
1020 2421 1095 2476 quae
1122 2403 1241 2477 quidem
1268 2404 1307 2460 ad
1334 2405 1434 2461 studia
1454 2414 1589 2463 veterum

446 2516 597 2571 literarum
629 2511 767 2586 augenda
799 2518 829 2566 et
854 2510 964 2566 alenda
989 2510 1187 2584 pertinerent,
1210 2509 1309 2565 minus
1330 2510 1478 2566 tribuebat
1499 2529 1588 2584 quam

447 2620 554 2677 scholis
583 2620 658 2676 bene
685 2615 829 2674 ordinatis
856 2624 886 2671 et
913 2613 1103 2689 disciplinae,
1127 2632 1205 2671 more
1228 2615 1384 2686 maiorum,
1411 2616 1536 2672 sanitate
1559 2625 1589 2673 et

447 2725 603 2782 severitate
622 2722 740 2796 insigni.
762 2720 799 2776 In
820 2737 878 2792 qua
892 2718 1040 2775 sententia
1056 2724 1085 2773 et
1100 2717 1360 2792 Wyttenbachium
1383 2721 1471 2779 fuisse
1500 2723 1588 2780 Mah-

448 2833 514 2888 nius
535 2830 567 2887 in
590 2828 661 2886 Vita
683 2827 764 2884 illius
786 2831 923 2882 testatur.

488 2936 633 2994 Amicitia
654 2943 771 3001 nostra,
798 2951 836 2988 ex
863 2948 922 3003 quo
949 2930 1075 2986 Leidam
1107 2930 1250 3004 migravi,
1278 2932 1397 3006 integra
1418 2933 1511 2989 stetit.
1555 2933 1588 2992 si

412 3081 416 3085 -
448 3062 555 3118 capere
577 3041 725 3117 potuisset
745 3039 978 3107 incrementum,
1001 3054 1035 3091 eo
1058 3035 1190 3092 discessu
1213 3037 1329 3111 cepisse
1345 3039 1486 3095 dicerem.
1520 3039 1588 3096 Hoc

447 3149 513 3218 ille,
535 3149 564 3204 in
586 3145 720 3221 epistolis
738 3142 929 3219 praesertim,
954 3140 1157 3215 significabat,
1181 3149 1331 3214 tamquam
1362 3163 1420 3200 non
1444 3145 1532 3219 plura
1556 3153 1587 3201 et

360 3284 376 3294 -
448 3255 575 3323 maiora,
593 3270 682 3325 quam
698 3250 764 3325 ipse
782 3247 863 3317 mihi,
876 3264 930 3320 ego
947 3246 992 3302 illi
1004 3253 1129 3319 accepta
1141 3243 1254 3301 referre
1268 3247 1419 3303 deberem.
1446 3247 1497 3306 Sic
1510 3258 1584 3305 erat.

449 3360 565 3416 Parcus
586 3358 617 3414 in
639 3354 903 3432 reprehendendo,
926 3352 1076 3442 benignus
1098 3351 1128 3406 in
1145 3351 1312 3422 laudando,
1330 3354 1378 3409 cui
1394 3355 1507 3428 optime
1525 3355 1584 3410 vel-

447 3467 504 3532 let,
530 3464 611 3521 hunc
636 3472 700 3520 tota
725 3468 825 3518 mente
854 3467 946 3530 atque
974 3457 1054 3515 omni
1083 3456 1209 3513 caritate
1237 3458 1509 3533 complectebatur,
1541 3470 1583 3529 et,

448 3569 528 3645 quod
543 3570 682 3639 sentiret,
703 3567 735 3623 in
757 3583 866 3639 magna
878 3566 1040 3621 verborum
1054 3563 1284 3620 lectissimorum
1298 3563 1385 3639 copia
1401 3564 1583 3622 effundebat.

448 3678 527 3751 Ego,
551 3674 780 3746 Groniuganus,
803 3679 834 3726 et
855 3678 966 3726 natura
987 3669 1090 3744 paullo
1111 3669 1202 3725 aliter
1222 3667 1332 3741 factus,
1356 3688 1459 3745 parem
1482 3670 1585 3727 affabi-

447 3781 565 3838 litatem
585 3777 711 3835 reddere
733 3794 792 3831 non
814 3775 908 3849 potui.
952 3774 1061 3847 Neque
1083 3774 1274 3848 postulabat,
1303 3793 1371 3832 cum
1397 3777 1492 3850 probe
1520 3792 1585 3830 nos-

449 3895 510 3957 set,
533 3886 599 3960 quis
621 3884 738 3940 animus
759 3883 816 3940 sub
837 3881 895 3938 isto
917 3879 1028 3953 frigore
1052 3880 1171 3935 lateret.

489 3991 602 4065 Quanti
623 4009 691 4046 eum
712 3989 913 4058 aestimarem,
940 3995 987 4043 ter
1014 3987 1116 4063 palam
1138 3986 1302 4044 declaravi.
1345 3985 1434 4042 Hanc
1463 4002 1583 4057 quoque

449 4098 617 4157 Satirarum
638 4093 874 4151 Horatianarum
903 4094 1124 4165 recensionem,
1157 4094 1292 4151 laborem
1325 4091 1452 4148 fortasse
1487 4098 1586 4147 extre-

449 4222 546 4272 mum,
568 4201 612 4258 illi
635 4201 788 4271 dedicare,
811 4217 957 4274 praesens
978 4199 1133 4274 praesenti
1154 4198 1288 4268 tradere,
1322 4196 1403 4272 apud
1435 4213 1481 4252 me
1516 4213 1584 4250 con-

346 4292 350 4300 *
449 4310 616 4366 stitueram.
660 4305 812 4382 Cogitatio
835 4306 898 4363 fore
920 4314 969 4371 ut,
1000 4306 1176 4380 priusquam
1198 4321 1237 4360 ex
1258 4305 1315 4360 hac
1337 4302 1400 4359 vita
1421 4299 1582 4375 migraret,

448 4415 540 4471 semel
561 4415 651 4470 etiam
674 4413 710 4469 de
732 4414 822 4469 rebus
844 4411 980 4487 pristinis
1001 4419 1105 4468 nostro
1127 4428 1209 4467 more
1226 4408 1504 4475 confabularemur,
1521 4414 1583 4462 tam

448 4521 509 4577 alte
530 4518 621 4575 menti
645 4527 709 4575 erat
730 4519 839 4589 infixa,
862 4526 895 4575 ut
916 4526 1054 4575 neutrum
1076 4526 1169 4574 antea
1191 4515 1266 4571 mori
1289 4531 1376 4588 posse
1399 4519 1547 4587 putarem.

489 4625 527 4679 A.
544 4623 572 4679 d.
593 4638 702 4679 xxvrn
723 4642 824 4680 mense
848 4624 931 4679 Maio
954 4642 1037 4679 suam
1054 4622 1126 4678 mihi
1142 4619 1267 4694 effigiem
1283 4619 1514 4694 photograptam
1532 4617 1583 4672 mi-
