<?xml version="1.0" encoding="UTF-8"?>
<!DOCTYPE html PUBLIC "-//W3C//DTD XHTML 1.0 Transitional//EN"
    "http://www.w3.org/TR/xhtml1/DTD/xhtml1-transitional.dtd">
<html xmlns="http://www.w3.org/1999/xhtml" xml:lang="en" lang="en">
 <head>
  <title>
</title>
<meta http-equiv="Content-Type" content="text/html;charset=utf-8" />
  <meta name='ocr-system' content='tesseract 3.04.00' />
  <meta name='ocr-capabilities' content='ocr_page ocr_carea ocr_par ocr_line ocrx_word'/>
</head>
<body>
  <div class='ocr_page' id='page_1' title='image "./qhoratiiflaccis00peergoog_0089.png"; bbox 0 0 3750 5759; ppageno 0'>
   <div class='ocr_carea' id='block_1_1' title="bbox 816 703 1070 768">
    <p class='ocr_par' dir='ltr' id='par_1_1' title="bbox 816 703 1070 768">
     <span class='ocr_line' id='line_1_1' title="bbox 816 703 1070 768; baseline 0.008 -2"><span class='ocrx_word' id='word_1_1' title='bbox 816 703 998 768; x_wconf 77' lang='lat' dir='ltr'>LIBER</span> <span class='ocrx_word' id='word_1_2' title='bbox 1046 706 1070 768; x_wconf 88' lang='grc' dir='ltr'>Ι.</span> 
     </span>
    </p>
   </div>
   <div class='ocr_carea' id='block_1_2' title="bbox 416 886 1419 1076">
    <p class='ocr_par' dir='ltr' id='par_1_2' title="bbox 416 886 1419 1076">
     <span class='ocr_line' id='line_1_2' title="bbox 416 886 1419 979; baseline 0.01 -29"><span class='ocrx_word' id='word_1_3' title='bbox 416 886 531 953; x_wconf 89' lang='lat' dir='ltr'>Ditem</span> <span class='ocrx_word' id='word_1_4' title='bbox 555 887 690 971; x_wconf 84' lang='lat' dir='ltr'>Asiam,</span> <span class='ocrx_word' id='word_1_5' title='bbox 716 889 830 975; x_wconf 84' lang='lat' dir='ltr'>Rupili</span> <span class='ocrx_word' id='word_1_6' title='bbox 853 898 887 955; x_wconf 90' lang='lat' dir='ltr'>et</span> <span class='ocrx_word' id='word_1_7' title='bbox 911 891 1004 957; x_wconf 87' lang='lat' dir='ltr'>Persi</span> <span class='ocrx_word' id='word_1_8' title='bbox 1027 915 1086 978; x_wconf 88' lang='lat' dir='ltr'>par</span> <span class='ocrx_word' id='word_1_9' title='bbox 1109 901 1254 979; x_wconf 83' lang='lat' dir='ltr'>pugnat,</span> <span class='ocrx_word' id='word_1_10' title='bbox 1280 896 1329 960; x_wconf 88' lang='lat' dir='ltr'>uti</span> <span class='ocrx_word' id='word_1_11' title='bbox 1355 920 1419 961; x_wconf 90' lang='lat' dir='ltr'>nou</span> 
     </span>
     <span class='ocr_line' id='line_1_3' title="bbox 417 990 1328 1076; baseline 0.009 -20"><span class='ocrx_word' id='word_1_12' title='bbox 417 990 603 1076; x_wconf 83' lang='lat' dir='ltr'>Compositi</span> <span class='ocrx_word' id='word_1_13' title='bbox 626 991 744 1057; x_wconf 87' lang='lat' dir='ltr'>melius</span> <span class='ocrx_word' id='word_1_14' title='bbox 769 1015 843 1058; x_wconf 90' lang='lat' dir='ltr'>cum</span> <span class='ocrx_word' id='word_1_15' title='bbox 867 993 967 1059; x_wconf 81' lang='lat' dir='ltr'>Bitho</span> <span class='ocrx_word' id='word_1_16' title='bbox 994 995 1163 1062; x_wconf 88' lang='lat' dir='ltr'>Bacchius.</span> <span class='ocrx_word' id='word_1_17' title='bbox 1214 999 1253 1062; x_wconf 91' lang='lat' dir='ltr'>ln</span> <span class='ocrx_word' id='word_1_18' title='bbox 1277 999 1328 1064; x_wconf 91' lang='lat' dir='ltr'>ius</span> 
     </span>
    </p>
   </div>
   <div class='ocr_carea' id='block_1_3' title="bbox 416 1095 1356 1284">
    <p class='ocr_par' dir='ltr' id='par_1_3' title="bbox 416 1095 1356 1284">
     <span class='ocr_line' id='line_1_4' title="bbox 416 1095 1356 1188; baseline 0.01 -30"><span class='ocrx_word' id='word_1_19' title='bbox 416 1095 518 1159; x_wconf 80' lang='lat' dir='ltr'>Actes</span> <span class='ocrx_word' id='word_1_20' title='bbox 543 1100 755 1180; x_wconf 87' lang='lat' dir='ltr'>procurrunt,</span> <span class='ocrx_word' id='word_1_21' title='bbox 779 1118 939 1181; x_wconf 89' lang='lat' dir='ltr'>magnum</span> <span class='ocrx_word' id='word_1_22' title='bbox 964 1100 1187 1183; x_wconf 77' lang='lat' dir='ltr'>spectaculum</span> <span class='ocrx_word' id='word_1_23' title='bbox 1212 1109 1356 1188; x_wconf 89' lang='lat' dir='ltr'>uterque.</span> 
     </span>
     <span class='ocr_line' id='line_1_5' title="bbox 417 1197 1211 1284; baseline 0.01 -23"><span class='ocrx_word' id='word_1_24' title='bbox 417 1197 550 1262; x_wconf 72' lang='lat' dir='ltr'>Penius</span> <span class='ocrx_word' id='word_1_25' title='bbox 573 1197 709 1284; x_wconf 78' lang='lat' dir='ltr'>exponit</span> <span class='ocrx_word' id='word_1_26' title='bbox 732 1221 882 1281; x_wconf 88' lang='lat' dir='ltr'>causam,</span> <span class='ocrx_word' id='word_1_27' title='bbox 907 1201 1032 1266; x_wconf 81' lang='lat' dir='ltr'>ridetur</span> <span class='ocrx_word' id='word_1_28' title='bbox 1054 1203 1096 1267; x_wconf 87' lang='lat' dir='ltr'>ab</span> <span class='ocrx_word' id='word_1_29' title='bbox 1120 1205 1211 1268; x_wconf 90' lang='lat' dir='ltr'>omni</span> 
     </span>
    </p>
   </div>
   <div class='ocr_carea' id='block_1_4' title="bbox 389 1301 1384 1496">
    <p class='ocr_par' dir='ltr' id='par_1_4' title="bbox 389 1301 1384 1496">
     <span class='ocr_line' id='line_1_6' title="bbox 418 1301 1318 1392; baseline 0.008 -25"><span class='ocrx_word' id='word_1_30' title='bbox 418 1301 606 1380; x_wconf 81' lang='lat' dir='ltr'>Conventu3</span> <span class='ocrx_word' id='word_1_31' title='bbox 631 1301 746 1368; x_wconf 90' lang='lat' dir='ltr'>laudat</span> <span class='ocrx_word' id='word_1_32' title='bbox 770 1303 910 1369; x_wconf 85' lang='lat' dir='ltr'>Brutum</span> <span class='ocrx_word' id='word_1_33' title='bbox 934 1305 1112 1392; x_wconf 89' lang='lat' dir='ltr'>laudatque</span> <span class='ocrx_word' id='word_1_34' title='bbox 1136 1308 1318 1374; x_wconf 85' lang='lat' dir='ltr'>cohortem:</span> 
     </span>
     <span class='ocr_line' id='line_1_7' title="bbox 389 1404 1384 1496; baseline 0.006 -26"><span class='ocrx_word' id='word_1_35' title='bbox 389 1449 391 1452; x_wconf 55' lang='lat'>&gt;</span> <span class='ocrx_word' id='word_1_36' title='bbox 418 1404 528 1470; x_wconf 81' lang='lat' dir='ltr'>Solem</span> <span class='ocrx_word' id='word_1_37' title='bbox 550 1406 651 1471; x_wconf 85' lang='lat' dir='ltr'>Asiae</span> <span class='ocrx_word' id='word_1_38' title='bbox 675 1406 816 1471; x_wconf 90' lang='lat' dir='ltr'>Brutum</span> <span class='ocrx_word' id='word_1_39' title='bbox 839 1409 1004 1493; x_wconf 88' lang='lat' dir='ltr'>appellat,</span> <span class='ocrx_word' id='word_1_40' title='bbox 1033 1411 1211 1496; x_wconf 86' lang='lat' dir='ltr'>stellasque</span> <span class='ocrx_word' id='word_1_41' title='bbox 1238 1411 1384 1477; x_wconf 81' lang='lat' dir='ltr'>salubres</span> 
     </span>
    </p>
   </div>
   <div class='ocr_carea' id='block_1_5' title="bbox 415 1503 1316 1697">
    <p class='ocr_par' dir='ltr' id='par_1_5' title="bbox 415 1503 1316 1697">
     <span class='ocr_line' id='line_1_8' title="bbox 415 1503 1316 1599; baseline 0.009 -27"><span class='ocrx_word' id='word_1_42' title='bbox 415 1508 574 1594; x_wconf 86' lang='lat' dir='ltr'>Appellat</span> <span class='ocrx_word' id='word_1_43' title='bbox 597 1509 750 1592; x_wconf 77' lang='lat' dir='ltr'>comitet,</span> <span class='ocrx_word' id='word_1_44' title='bbox 775 1518 910 1597; x_wconf 87' lang='lat' dir='ltr'>excepto</span> <span class='ocrx_word' id='word_1_45' title='bbox 934 1503 1041 1599; x_wconf 84' lang='lat' dir='ltr'>Rege3</span> <span class='ocrx_word' id='word_1_46' title='bbox 1066 1537 1180 1580; x_wconf 87' lang='lat' dir='ltr'>canem</span> <span class='ocrx_word' id='word_1_47' title='bbox 1204 1516 1316 1599; x_wconf 92' lang='lat' dir='ltr'>illum,</span> 
     </span>
     <span class='ocr_line' id='line_1_9' title="bbox 416 1612 1188 1697; baseline 0.009 -21"><span class='ocrx_word' id='word_1_48' title='bbox 416 1612 566 1677; x_wconf 87' lang='lat' dir='ltr'>Invisum</span> <span class='ocrx_word' id='word_1_49' title='bbox 588 1612 741 1697; x_wconf 85' lang='lat' dir='ltr'>agricolis</span> <span class='ocrx_word' id='word_1_50' title='bbox 766 1613 875 1697; x_wconf 87' lang='lat' dir='ltr'>sidus,</span> <span class='ocrx_word' id='word_1_51' title='bbox 900 1616 1048 1682; x_wconf 88' lang='lat' dir='ltr'>venisse:</span> <span class='ocrx_word' id='word_1_52' title='bbox 1073 1618 1188 1683; x_wconf 85' lang='lat' dir='ltr'>ruebat</span> 
     </span>
    </p>
   </div>
   <div class='ocr_carea' id='block_1_6' title="bbox 418 1715 1298 1807">
    <p class='ocr_par' dir='ltr' id='par_1_6' title="bbox 418 1715 1298 1807">
     <span class='ocr_line' id='line_1_10' title="bbox 418 1715 1298 1807; baseline 0.014 -29"><span class='ocrx_word' id='word_1_53' title='bbox 418 1715 558 1782; x_wconf 86' lang='lat' dir='ltr'>Flumen</span> <span class='ocrx_word' id='word_1_54' title='bbox 581 1723 619 1782; x_wconf 91' lang='lat' dir='ltr'>ut</span> <span class='ocrx_word' id='word_1_55' title='bbox 642 1718 832 1802; x_wconf 89' lang='lat' dir='ltr'>hibernum,</span> <span class='ocrx_word' id='word_1_56' title='bbox 857 1719 961 1786; x_wconf 89' lang='lat' dir='ltr'>fertur</span> <span class='ocrx_word' id='word_1_57' title='bbox 984 1744 1048 1807; x_wconf 93' lang='lat' dir='ltr'>quo</span> <span class='ocrx_word' id='word_1_58' title='bbox 1072 1744 1143 1788; x_wconf 88' lang='lat' dir='ltr'>rara</span> <span class='ocrx_word' id='word_1_59' title='bbox 1167 1723 1298 1790; x_wconf 90' lang='lat' dir='ltr'>securis.</span> 
     </span>
    </p>
   </div>
   <div class='ocr_carea' id='block_1_7' title="bbox 365 1944 1517 4788">
    <p class='ocr_par' dir='ltr' id='par_1_7' title="bbox 365 1944 1517 4788">
     <span class='ocr_line' id='line_1_11' title="bbox 366 1944 1508 2009; baseline 0.002 -17"><span class='ocrx_word' id='word_1_60' title='bbox 366 1945 473 1992; x_wconf 79' lang='lat' dir='ltr'>caeteris</span> <span class='ocrx_word' id='word_1_61' title='bbox 483 1944 588 2001; x_wconf 83' lang='lat' dir='ltr'>omissis,</span> <span class='ocrx_word' id='word_1_62' title='bbox 604 1944 700 2005; x_wconf 82' lang='lat' dir='ltr'>melius,</span> <span class='ocrx_word' id='word_1_63' title='bbox 711 1947 792 2004; x_wconf 76' lang='lat' dir='ltr'>medo,</span> <span class='ocrx_word' id='word_1_64' title='bbox 808 1947 850 2004; x_wconf 81' lang='lat' dir='ltr'>ita,</span> <span class='ocrx_word' id='word_1_65' title='bbox 861 1961 917 1995; x_wconf 84' lang='lat' dir='ltr'>nar·</span> <span class='ocrx_word' id='word_1_66' title='bbox 954 1946 1083 2009; x_wconf 84' lang='lat' dir='ltr'>fratrum,</span> <span class='ocrx_word' id='word_1_67' title='bbox 1100 1947 1248 2006; x_wconf 63' lang='lat' dir='ltr'>amicarum,</span> <span class='ocrx_word' id='word_1_68' title='bbox 1265 1953 1291 1995; x_wconf 91' lang='lat' dir='ltr'>et</span> <span class='ocrx_word' id='word_1_69' title='bbox 1300 1946 1348 1994; x_wconf 84' lang='lat' dir='ltr'>alia</span> <span class='ocrx_word' id='word_1_70' title='bbox 1356 1947 1508 2005; x_wconf 87' lang='lat' dir='ltr'>huiusmodi,</span> 
     </span>
     <span class='ocr_line' id='line_1_12' title="bbox 366 2025 1508 2089; baseline 0.002 -18"><span class='ocrx_word' id='word_1_71' title='bbox 366 2031 460 2072; x_wconf 71' lang='lat' dir='ltr'>risset:</span> <span class='ocrx_word' id='word_1_72' title='bbox 485 2025 535 2072; x_wconf 77' lang='lat' dir='ltr'>niti</span> <span class='ocrx_word' id='word_1_73' title='bbox 564 2027 631 2088; x_wconf 79' lang='lat' dir='ltr'>quod</span> <span class='ocrx_word' id='word_1_74' title='bbox 654 2028 737 2074; x_wconf 80' lang='lat' dir='ltr'>virtut</span> <span class='ocrx_word' id='word_1_75' title='bbox 759 2027 788 2074; x_wconf 88' lang='lat' dir='ltr'>ia</span> <span class='ocrx_word' id='word_1_76' title='bbox 812 2031 919 2089; x_wconf 85' lang='lat' dir='ltr'>utroque</span> <span class='ocrx_word' id='word_1_77' title='bbox 959 2025 1009 2073; x_wconf 86' lang='lat' dir='ltr'>huc</span> <span class='ocrx_word' id='word_1_78' title='bbox 1024 2040 1074 2074; x_wconf 90' lang='lat' dir='ltr'>non</span> <span class='ocrx_word' id='word_1_79' title='bbox 1086 2025 1218 2089; x_wconf 79' lang='lat' dir='ltr'>pertinent,</span> <span class='ocrx_word' id='word_1_80' title='bbox 1244 2026 1311 2082; x_wconf 89' lang='lat' dir='ltr'>Iam,</span> <span class='ocrx_word' id='word_1_81' title='bbox 1328 2026 1349 2074; x_wconf 83' lang='lat' dir='ltr'>si</span> <span class='ocrx_word' id='word_1_82' title='bbox 1362 2040 1448 2074; x_wconf 89' lang='lat' dir='ltr'>rerum</span> <span class='ocrx_word' id='word_1_83' title='bbox 1463 2034 1508 2084; x_wconf 83' lang='lat' dir='ltr'>est,</span> 
     </span>
     <span class='ocr_line' id='line_1_13' title="bbox 367 2103 1508 2169; baseline 0.001 -17"><span class='ocrx_word' id='word_1_84' title='bbox 367 2103 477 2153; x_wconf 77' lang='lat' dir='ltr'>Sarrana</span> <span class='ocrx_word' id='word_1_85' title='bbox 488 2104 554 2167; x_wconf 84' lang='lat' dir='ltr'>suit.</span> <span class='ocrx_word' id='word_1_86' title='bbox 590 2105 679 2167; x_wconf 81' lang='lat' dir='ltr'>Nuper</span> <span class='ocrx_word' id='word_1_87' title='bbox 696 2107 783 2154; x_wconf 87' lang='lat' dir='ltr'>Bruto</span> <span class='ocrx_word' id='word_1_88' title='bbox 800 2111 919 2168; x_wconf 79' lang='lat' dir='ltr'>praetore</span> <span class='ocrx_word' id='word_1_89' title='bbox 959 2106 1024 2168; x_wconf 89' lang='lat' dir='ltr'>quod</span> <span class='ocrx_word' id='word_1_90' title='bbox 1041 2105 1178 2168; x_wconf 85' lang='lat' dir='ltr'>disputavi,</span> <span class='ocrx_word' id='word_1_91' title='bbox 1194 2105 1313 2154; x_wconf 86' lang='lat' dir='ltr'>Horatius</span> <span class='ocrx_word' id='word_1_92' title='bbox 1325 2106 1432 2169; x_wconf 87' lang='lat' dir='ltr'>scripsit:</span> <span class='ocrx_word' id='word_1_93' title='bbox 1452 2107 1508 2153; x_wconf 87' lang='lat' dir='ltr'>Ru-</span> 
     </span>
     <span class='ocr_line' id='line_1_14' title="bbox 369 2184 1509 2247; baseline 0.004 -17"><span class='ocrx_word' id='word_1_94' title='bbox 369 2189 471 2232; x_wconf 80' lang='lat' dir='ltr'>taaente</span> <span class='ocrx_word' id='word_1_95' title='bbox 512 2185 602 2232; x_wconf 83' lang='lat' dir='ltr'>Ditem</span> <span class='ocrx_word' id='word_1_96' title='bbox 629 2184 719 2231; x_wconf 80' lang='lat' dir='ltr'>Asiam</span> <span class='ocrx_word' id='word_1_97' title='bbox 740 2198 776 2247; x_wconf 85' lang='lat' dir='ltr'>sq.</span> <span class='ocrx_word' id='word_1_98' title='bbox 819 2186 918 2246; x_wconf 83' lang='lat' dir='ltr'>Nuper,</span> <span class='ocrx_word' id='word_1_99' title='bbox 957 2186 1007 2247; x_wconf 82' lang='lat' dir='ltr'>pili</span> <span class='ocrx_word' id='word_1_100' title='bbox 1023 2190 1048 2233; x_wconf 87' lang='lat' dir='ltr'>et</span> <span class='ocrx_word' id='word_1_101' title='bbox 1067 2186 1141 2234; x_wconf 81' lang='lat' dir='ltr'>Persi</span> <span class='ocrx_word' id='word_1_102' title='bbox 1157 2199 1208 2247; x_wconf 90' lang='lat' dir='ltr'>par</span> <span class='ocrx_word' id='word_1_103' title='bbox 1223 2199 1310 2247; x_wconf 80' lang='lat' dir='ltr'>puppa</span> <span class='ocrx_word' id='word_1_104' title='bbox 1327 2193 1396 2241; x_wconf 83' lang='lat' dir='ltr'>erat,</span> <span class='ocrx_word' id='word_1_105' title='bbox 1413 2192 1509 2234; x_wconf 83' lang='lat' dir='ltr'>utnon</span> 
     </span>
     <span class='ocr_line' id='line_1_15' title="bbox 367 2262 1508 2326; baseline 0.003 -16"><span class='ocrx_word' id='word_1_106' title='bbox 367 2269 398 2311; x_wconf 88' lang='lat' dir='ltr'>nt</span> <span class='ocrx_word' id='word_1_107' title='bbox 415 2269 502 2311; x_wconf 87' lang='lat' dir='ltr'>notum</span> <span class='ocrx_word' id='word_1_108' title='bbox 527 2269 578 2321; x_wconf 87' lang='lat' dir='ltr'>est,</span> <span class='ocrx_word' id='word_1_109' title='bbox 599 2263 630 2311; x_wconf 90' lang='lat' dir='ltr'>de</span> <span class='ocrx_word' id='word_1_110' title='bbox 651 2270 762 2326; x_wconf 89' lang='lat' dir='ltr'>tempore</span> <span class='ocrx_word' id='word_1_111' title='bbox 783 2277 828 2312; x_wconf 84' lang='lat' dir='ltr'>seu</span> <span class='ocrx_word' id='word_1_112' title='bbox 848 2263 918 2312; x_wconf 84' lang='lat' dir='ltr'>brevi</span> <span class='ocrx_word' id='word_1_113' title='bbox 962 2262 1099 2326; x_wconf 74' lang='lat' dir='ltr'>Conpositi</span> <span class='ocrx_word' id='word_1_114' title='bbox 1116 2264 1362 2312; x_wconf 79' lang='lat' dir='ltr'>meliuranrnBitto</span> <span class='ocrx_word' id='word_1_115' title='bbox 1372 2265 1508 2314; x_wconf 78' lang='lat' dir='ltr'>Bacchius.</span> 
     </span>
     <span class='ocr_line' id='line_1_16' title="bbox 368 2341 1507 2405; baseline 0.002 -16"><span class='ocrx_word' id='word_1_116' title='bbox 368 2356 416 2390; x_wconf 81' lang='lat' dir='ltr'>sen</span> <span class='ocrx_word' id='word_1_117' title='bbox 431 2342 475 2390; x_wconf 89' lang='lat' dir='ltr'>din</span> <span class='ocrx_word' id='word_1_118' title='bbox 490 2342 623 2405; x_wconf 82' lang='lat' dir='ltr'>praeterito</span> <span class='ocrx_word' id='word_1_119' title='bbox 638 2343 754 2392; x_wconf 84' lang='lat' dir='ltr'>sumitur.</span> <span class='ocrx_word' id='word_1_120' title='bbox 958 2342 994 2391; x_wconf 90' lang='lat' dir='ltr'>Ut</span> <span class='ocrx_word' id='word_1_121' title='bbox 1010 2343 1102 2391; x_wconf 89' lang='lat' dir='ltr'>Bithus</span> <span class='ocrx_word' id='word_1_122' title='bbox 1116 2349 1141 2390; x_wconf 90' lang='lat' dir='ltr'>et</span> <span class='ocrx_word' id='word_1_123' title='bbox 1157 2341 1279 2391; x_wconf 82' lang='lat' dir='ltr'>Bacchius</span> <span class='ocrx_word' id='word_1_124' title='bbox 1297 2357 1347 2391; x_wconf 89' lang='lat' dir='ltr'>non</span> <span class='ocrx_word' id='word_1_125' title='bbox 1364 2343 1453 2391; x_wconf 85' lang='lat' dir='ltr'>melius</span> <span class='ocrx_word' id='word_1_126' title='bbox 1470 2358 1507 2392; x_wconf 87' lang='lat' dir='ltr'>es·</span> 
     </span>
     <span class='ocr_line' id='line_1_17' title="bbox 404 2423 1508 2485; baseline 0.001 -15"><span class='ocrx_word' id='word_1_127' title='bbox 404 2423 498 2484; x_wconf 82' lang='lat' dir='ltr'>Rupili</span> <span class='ocrx_word' id='word_1_128' title='bbox 505 2427 530 2470; x_wconf 88' lang='lat' dir='ltr'>et</span> <span class='ocrx_word' id='word_1_129' title='bbox 542 2423 619 2470; x_wconf 75' lang='lat' dir='ltr'>Persi</span> <span class='ocrx_word' id='word_1_130' title='bbox 632 2437 686 2483; x_wconf 85' lang='lat' dir='ltr'>par</span> <span class='ocrx_word' id='word_1_131' title='bbox 700 2427 808 2485; x_wconf 81' lang='lat' dir='ltr'>pupnat,</span> <span class='ocrx_word' id='word_1_132' title='bbox 820 2423 918 2471; x_wconf 84' lang='lat' dir='ltr'>utinoa</span> <span class='ocrx_word' id='word_1_133' title='bbox 959 2428 1014 2469; x_wconf 81' lang='lat' dir='ltr'>sent</span> <span class='ocrx_word' id='word_1_134' title='bbox 1022 2423 1165 2485; x_wconf 85' lang='lat' dir='ltr'>compositi,</span> <span class='ocrx_word' id='word_1_135' title='bbox 1179 2436 1284 2485; x_wconf 87' lang='lat' dir='ltr'>quorum</span> <span class='ocrx_word' id='word_1_136' title='bbox 1301 2430 1426 2471; x_wconf 87' lang='lat' dir='ltr'>certamen</span> <span class='ocrx_word' id='word_1_137' title='bbox 1441 2437 1508 2472; x_wconf 82' lang='lat' dir='ltr'>mors</span> 
     </span>
     <span class='ocr_line' id='line_1_18' title="bbox 371 2499 1510 2564; baseline 0 -14"><span class='ocrx_word' id='word_1_138' title='bbox 371 2501 606 2561; x_wconf 79' lang='lat' dir='ltr'>Carnparitimetiaa</span> <span class='ocrx_word' id='word_1_139' title='bbox 617 2515 673 2550; x_wconf 83' lang='lat' dir='ltr'>carn</span> <span class='ocrx_word' id='word_1_140' title='bbox 688 2502 769 2549; x_wconf 78' lang='lat' dir='ltr'>Birta</span> <span class='ocrx_word' id='word_1_141' title='bbox 781 2502 917 2549; x_wconf 79' lang='lat' dir='ltr'>Boeotias.</span> <span class='ocrx_word' id='word_1_142' title='bbox 959 2499 1011 2548; x_wconf 84' lang='lat' dir='ltr'>sola</span> <span class='ocrx_word' id='word_1_143' title='bbox 1028 2500 1100 2550; x_wconf 85' lang='lat' dir='ltr'>finire</span> <span class='ocrx_word' id='word_1_144' title='bbox 1117 2508 1221 2564; x_wconf 86' lang='lat' dir='ltr'>poterat,</span> <span class='ocrx_word' id='word_1_145' title='bbox 1238 2508 1267 2549; x_wconf 89' lang='lat' dir='ltr'>ut</span> <span class='ocrx_word' id='word_1_146' title='bbox 1284 2509 1410 2551; x_wconf 85' lang='lat' dir='ltr'>certamen</span> <span class='ocrx_word' id='word_1_147' title='bbox 1429 2503 1510 2551; x_wconf 85' lang='lat' dir='ltr'>Persii</span> 
     </span>
     <span class='ocr_line' id='line_1_19' title="bbox 367 2579 1340 2644; baseline 0.002 -16"><span class='ocrx_word' id='word_1_148' title='bbox 367 2580 497 2629; x_wconf 86' lang='lat' dir='ltr'>Bentleius</span> <span class='ocrx_word' id='word_1_149' title='bbox 514 2587 579 2628; x_wconf 83' lang='lat' dir='ltr'>recte</span> <span class='ocrx_word' id='word_1_150' title='bbox 596 2579 713 2644; x_wconf 82' lang='lat' dir='ltr'>praetulit</span> <span class='ocrx_word' id='word_1_151' title='bbox 729 2582 875 2642; x_wconf 76' lang='lat' dir='ltr'>aonrpoaiti5</span> <span class='ocrx_word' id='word_1_152' title='bbox 891 2580 917 2629; x_wconf 86' lang='lat' dir='ltr'>in</span> <span class='ocrx_word' id='word_1_153' title='bbox 959 2587 984 2630; x_wconf 88' lang='lat' dir='ltr'>et</span> <span class='ocrx_word' id='word_1_154' title='bbox 1001 2580 1095 2644; x_wconf 89' lang='lat' dir='ltr'>Rupilii</span> <span class='ocrx_word' id='word_1_155' title='bbox 1111 2587 1208 2642; x_wconf 86' lang='lat' dir='ltr'>poterat</span> <span class='ocrx_word' id='word_1_156' title='bbox 1225 2580 1340 2630; x_wconf 87' lang='lat' dir='ltr'>Praetor.</span> 
     </span>
     <span class='ocr_line' id='line_1_20' title="bbox 367 2658 1510 2723; baseline 0.001 -16"><span class='ocrx_word' id='word_1_157' title='bbox 367 2658 424 2707; x_wconf 85' lang='lat' dir='ltr'>aliis</span> <span class='ocrx_word' id='word_1_158' title='bbox 440 2659 516 2710; x_wconf 85' lang='lat' dir='ltr'>MSS.</span> <span class='ocrx_word' id='word_1_159' title='bbox 533 2667 586 2708; x_wconf 88' lang='lat' dir='ltr'>erat</span> <span class='ocrx_word' id='word_1_160' title='bbox 602 2661 766 2721; x_wconf 67' lang='lat' dir='ltr'>compositum</span> <span class='ocrx_word' id='word_1_161' title='bbox 783 2665 807 2707; x_wconf 91' lang='lat' dir='ltr'>et</span> <span class='ocrx_word' id='word_1_162' title='bbox 823 2674 918 2722; x_wconf 88' lang='lat' dir='ltr'>compa·</span> <span class='ocrx_word' id='word_1_163' title='bbox 994 2662 1095 2709; x_wconf 77' lang='lat' dir='ltr'>Ructat</span> <span class='ocrx_word' id='word_1_164' title='bbox 1122 2662 1227 2709; x_wconf 78' lang='lat' dir='ltr'>Fiunten</span> <span class='ocrx_word' id='word_1_165' title='bbox 1246 2667 1275 2709; x_wconf 89' lang='lat' dir='ltr'>ut</span> <span class='ocrx_word' id='word_1_166' title='bbox 1292 2663 1436 2719; x_wconf 80' lang='lat' dir='ltr'>hibernum,</span> <span class='ocrx_word' id='word_1_167' title='bbox 1453 2661 1510 2723; x_wconf 80' lang='lat' dir='ltr'>ser-</span> 
     </span>
     <span class='ocr_line' id='line_1_21' title="bbox 367 2738 1510 2802; baseline -0.001 -15"><span class='ocrx_word' id='word_1_168' title='bbox 367 2741 441 2787; x_wconf 67' lang='lat' dir='ltr'>uitus.</span> <span class='ocrx_word' id='word_1_169' title='bbox 474 2739 570 2788; x_wconf 84' lang='lat' dir='ltr'>Dubito</span> <span class='ocrx_word' id='word_1_170' title='bbox 588 2746 670 2788; x_wconf 85' lang='lat' dir='ltr'>autem</span> <span class='ocrx_word' id='word_1_171' title='bbox 691 2753 724 2787; x_wconf 84' lang='lat' dir='ltr'>an</span> <span class='ocrx_word' id='word_1_172' title='bbox 746 2738 805 2786; x_wconf 85' lang='lat' dir='ltr'>satis</span> <span class='ocrx_word' id='word_1_173' title='bbox 826 2739 918 2787; x_wconf 84' lang='lat' dir='ltr'>Latine</span> <span class='ocrx_word' id='word_1_174' title='bbox 960 2745 1004 2787; x_wconf 86' lang='lat' dir='ltr'>tur</span> <span class='ocrx_word' id='word_1_175' title='bbox 1020 2754 1067 2802; x_wconf 84' lang='lat' dir='ltr'>qao</span> <span class='ocrx_word' id='word_1_176' title='bbox 1084 2755 1147 2787; x_wconf 89' lang='lat' dir='ltr'>rara</span> <span class='ocrx_word' id='word_1_177' title='bbox 1163 2740 1267 2788; x_wconf 77' lang='lat' dir='ltr'>accurit.</span> <span class='ocrx_word' id='word_1_178' title='bbox 1294 2739 1330 2788; x_wconf 88' lang='lat' dir='ltr'>Hi</span> <span class='ocrx_word' id='word_1_179' title='bbox 1347 2740 1510 2802; x_wconf 84' lang='lat' dir='ltr'>interpretan-</span> 
     </span>
     <span class='ocr_line' id='line_1_22' title="bbox 368 2818 1510 2882; baseline 0.001 -16"><span class='ocrx_word' id='word_1_180' title='bbox 368 2818 466 2867; x_wconf 84' lang='lat' dir='ltr'>dieatur</span> <span class='ocrx_word' id='word_1_181' title='bbox 479 2835 532 2881; x_wconf 87' lang='lat' dir='ltr'>par</span> <span class='ocrx_word' id='word_1_182' title='bbox 543 2820 647 2882; x_wconf 82' lang='lat' dir='ltr'>Rupilii</span> <span class='ocrx_word' id='word_1_183' title='bbox 663 2823 689 2866; x_wconf 87' lang='lat' dir='ltr'>et</span> <span class='ocrx_word' id='word_1_184' title='bbox 700 2818 790 2876; x_wconf 75' lang='lat' dir='ltr'>Persii,</span> <span class='ocrx_word' id='word_1_185' title='bbox 806 2831 852 2880; x_wconf 91' lang='lat' dir='ltr'>pro</span> <span class='ocrx_word' id='word_1_186' title='bbox 864 2820 917 2865; x_wconf 83' lang='lat' dir='ltr'>Ru·</span> <span class='ocrx_word' id='word_1_187' title='bbox 959 2826 1011 2867; x_wconf 87' lang='lat' dir='ltr'>tur:</span> <span class='ocrx_word' id='word_1_188' title='bbox 1038 2818 1080 2866; x_wconf 92' lang='lat' dir='ltr'>ubi</span> <span class='ocrx_word' id='word_1_189' title='bbox 1105 2818 1215 2881; x_wconf 83' lang='lat' dir='ltr'>virgulta</span> <span class='ocrx_word' id='word_1_190' title='bbox 1240 2825 1264 2867; x_wconf 90' lang='lat' dir='ltr'>et</span> <span class='ocrx_word' id='word_1_191' title='bbox 1289 2819 1388 2867; x_wconf 82' lang='lat' dir='ltr'>arbores</span> <span class='ocrx_word' id='word_1_192' title='bbox 1413 2819 1510 2867; x_wconf 90' lang='lat' dir='ltr'>flumini</span> 
     </span>
     <span class='ocr_line' id='line_1_23' title="bbox 367 2895 1509 2962; baseline 0 -16"><span class='ocrx_word' id='word_1_193' title='bbox 367 2900 449 2960; x_wconf 78' lang='lat' dir='ltr'>pilius</span> <span class='ocrx_word' id='word_1_194' title='bbox 478 2904 503 2947; x_wconf 84' lang='lat' dir='ltr'>at</span> <span class='ocrx_word' id='word_1_195' title='bbox 530 2900 637 2948; x_wconf 79' lang='lat' dir='ltr'>Persian</span> <span class='ocrx_word' id='word_1_196' title='bbox 660 2913 718 2959; x_wconf 89' lang='lat' dir='ltr'>par.</span> <span class='ocrx_word' id='word_1_197' title='bbox 760 2898 801 2946; x_wconf 88' lang='lat' dir='ltr'>Ita</span> <span class='ocrx_word' id='word_1_198' title='bbox 830 2895 917 2946; x_wconf 81' lang='lat' dir='ltr'>Cicero</span> <span class='ocrx_word' id='word_1_199' title='bbox 959 2897 1509 2962; x_wconf 81' lang='lat' dir='ltr'>suntimpediment03illi:ubinonsuntvir-</span> 
     </span>
     <span class='ocr_line' id='line_1_24' title="bbox 369 2975 1509 3043; baseline -0.001 -17"><span class='ocrx_word' id='word_1_200' title='bbox 369 2975 688 3039; x_wconf 62' lang='lat' dir='ltr'>amoenitatum.</span> <span class='ocrx_word' id='word_1_201' title='bbox 730 2978 815 3025; x_wconf 85' lang='lat' dir='ltr'>Unum</span> <span class='ocrx_word' id='word_1_202' title='bbox 835 2977 917 3038; x_wconf 76' lang='lat' dir='ltr'>ipttar</span> <span class='ocrx_word' id='word_1_203' title='bbox 959 2978 1181 3041; x_wconf 84' lang='lat' dir='ltr'>gultaetarbores.</span> <span class='ocrx_word' id='word_1_204' title='bbox 1210 2978 1509 3043; x_wconf 85' lang='lat' dir='ltr'>Neutrum,nequeper-</span> 
     </span>
     <span class='ocr_line' id='line_1_25' title="bbox 367 3056 1511 3122; baseline 0.003 -19"><span class='ocrx_word' id='word_1_205' title='bbox 367 3070 426 3117; x_wconf 89' lang='lat' dir='ltr'>par,</span> <span class='ocrx_word' id='word_1_206' title='bbox 443 3058 510 3119; x_wconf 83' lang='lat' dir='ltr'>qaod</span> <span class='ocrx_word' id='word_1_207' title='bbox 526 3059 656 3119; x_wconf 73' lang='lat' dir='ltr'>depapnet,</span> <span class='ocrx_word' id='word_1_208' title='bbox 672 3056 798 3117; x_wconf 82' lang='lat' dir='ltr'>reliquum</span> <span class='ocrx_word' id='word_1_209' title='bbox 813 3059 859 3113; x_wconf 83' lang='lat' dir='ltr'>eat,</span> <span class='ocrx_word' id='word_1_210' title='bbox 872 3056 917 3104; x_wconf 84' lang='lat' dir='ltr'>Va·</span> <span class='ocrx_word' id='word_1_211' title='bbox 958 3059 1043 3121; x_wconf 84' lang='lat' dir='ltr'>spicue</span> <span class='ocrx_word' id='word_1_212' title='bbox 1053 3073 1132 3122; x_wconf 90' lang='lat' dir='ltr'>neque</span> <span class='ocrx_word' id='word_1_213' title='bbox 1143 3058 1268 3121; x_wconf 85' lang='lat' dir='ltr'>eleganter</span> <span class='ocrx_word' id='word_1_214' title='bbox 1280 3073 1434 3121; x_wconf 83' lang='lat' dir='ltr'>expressum,</span> <span class='ocrx_word' id='word_1_215' title='bbox 1450 3060 1511 3107; x_wconf 88' lang='lat' dir='ltr'>adeo</span> 
     </span>
     <span class='ocr_line' id='line_1_26' title="bbox 370 3133 1510 3203; baseline 0.007 -23"><span class='ocrx_word' id='word_1_216' title='bbox 370 3134 457 3195; x_wconf 80' lang='lat' dir='ltr'>luptas</span> <span class='ocrx_word' id='word_1_217' title='bbox 472 3151 528 3184; x_wconf 86' lang='lat' dir='ltr'>aum</span> <span class='ocrx_word' id='word_1_218' title='bbox 546 3136 695 3185; x_wconf 72' lang='lat' dir='ltr'>Honestate.</span> <span class='ocrx_word' id='word_1_219' title='bbox 720 3133 860 3182; x_wconf 85' lang='lat' dir='ltr'>Auctorad</span> <span class='ocrx_word' id='word_1_220' title='bbox 873 3134 917 3183; x_wconf 86' lang='lat' dir='ltr'>Li·</span> <span class='ocrx_word' id='word_1_221' title='bbox 960 3145 1055 3187; x_wconf 90' lang='lat' dir='ltr'>utnon</span> <span class='ocrx_word' id='word_1_222' title='bbox 1072 3141 1170 3188; x_wconf 86' lang='lat' dir='ltr'>credam</span> <span class='ocrx_word' id='word_1_223' title='bbox 1187 3139 1320 3188; x_wconf 81' lang='lat' dir='ltr'>Horatium</span> <span class='ocrx_word' id='word_1_224' title='bbox 1332 3140 1366 3188; x_wconf 87' lang='lat' dir='ltr'>ita</span> <span class='ocrx_word' id='word_1_225' title='bbox 1377 3139 1510 3203; x_wconf 83' lang='lat' dir='ltr'>scripsisse.</span> 
     </span>
     <span class='ocr_line' id='line_1_27' title="bbox 370 3213 1511 3281; baseline 0.005 -21"><span class='ocrx_word' id='word_1_226' title='bbox 370 3213 437 3262; x_wconf 84' lang='lat' dir='ltr'>viam</span> <span class='ocrx_word' id='word_1_227' title='bbox 454 3213 511 3264; x_wconf 82' lang='lat'>301.</span> <span class='ocrx_word' id='word_1_228' title='bbox 530 3216 588 3263; x_wconf 88' lang='lat' dir='ltr'>Par</span> <span class='ocrx_word' id='word_1_229' title='bbox 601 3216 659 3263; x_wconf 80' lang='lat' dir='ltr'>bene</span> <span class='ocrx_word' id='word_1_230' title='bbox 669 3215 840 3275; x_wconf 77' lang='lat' dir='ltr'>campaniam,</span> <span class='ocrx_word' id='word_1_231' title='bbox 850 3215 918 3262; x_wconf 85' lang='lat' dir='ltr'>iaaa-</span> <span class='ocrx_word' id='word_1_232' title='bbox 962 3217 989 3267; x_wconf 88' lang='lat' dir='ltr'>Si</span> <span class='ocrx_word' id='word_1_233' title='bbox 1006 3219 1177 3280; x_wconf 86' lang='lat' dir='ltr'>praecessistet</span> <span class='ocrx_word' id='word_1_234' title='bbox 1189 3219 1266 3276; x_wconf 70' lang='lat' dir='ltr'>adra,</span> <span class='ocrx_word' id='word_1_235' title='bbox 1278 3218 1362 3281; x_wconf 88' lang='lat' dir='ltr'>paullo</span> <span class='ocrx_word' id='word_1_236' title='bbox 1373 3219 1462 3267; x_wconf 90' lang='lat' dir='ltr'>melius</span> <span class='ocrx_word' id='word_1_237' title='bbox 1474 3219 1511 3266; x_wconf 91' lang='lat' dir='ltr'>in-</span> 
     </span>
     <span class='ocr_line' id='line_1_28' title="bbox 370 3294 1511 3362; baseline 0.004 -21"><span class='ocrx_word' id='word_1_238' title='bbox 370 3307 430 3342; x_wconf 86' lang='lat' dir='ltr'>nam</span> <span class='ocrx_word' id='word_1_239' title='bbox 446 3294 610 3356; x_wconf 78' lang='lat' dir='ltr'>fortissimae</span> <span class='ocrx_word' id='word_1_240' title='bbox 636 3295 715 3352; x_wconf 84' lang='lat' dir='ltr'>alter,</span> <span class='ocrx_word' id='word_1_241' title='bbox 747 3295 839 3342; x_wconf 80' lang='lat' dir='ltr'>Altera</span> <span class='ocrx_word' id='word_1_242' title='bbox 865 3299 918 3342; x_wconf 90' lang='lat' dir='ltr'>tam</span> <span class='ocrx_word' id='word_1_243' title='bbox 960 3295 1126 3359; x_wconf 85' lang='lat' dir='ltr'>telligeremus</span> <span class='ocrx_word' id='word_1_244' title='bbox 1144 3301 1373 3360; x_wconf 82' lang='lat' dir='ltr'>quorarnseauria</span> <span class='ocrx_word' id='word_1_245' title='bbox 1383 3299 1511 3362; x_wconf 82' lang='lat' dir='ltr'>serretur,</span> 
     </span>
     <span class='ocr_line' id='line_1_29' title="bbox 365 3371 1511 3441; baseline 0.004 -20"><span class='ocrx_word' id='word_1_246' title='bbox 365 3372 435 3434; x_wconf 82' lang='lat' dir='ltr'>sorti</span> <span class='ocrx_word' id='word_1_247' title='bbox 451 3377 541 3421; x_wconf 87' lang='lat' dir='ltr'>mutua</span> <span class='ocrx_word' id='word_1_248' title='bbox 558 3388 621 3422; x_wconf 85' lang='lat' dir='ltr'>cura</span> <span class='ocrx_word' id='word_1_249' title='bbox 638 3374 700 3421; x_wconf 82' lang='lat' dir='ltr'>aira.</span> <span class='ocrx_word' id='word_1_250' title='bbox 735 3371 804 3421; x_wconf 86' lang='lat' dir='ltr'>Haec</span> <span class='ocrx_word' id='word_1_251' title='bbox 826 3372 875 3420; x_wconf 84' lang='lat' dir='ltr'>iam</span> <span class='ocrx_word' id='word_1_252' title='bbox 891 3374 919 3421; x_wconf 88' lang='lat' dir='ltr'>in</span> <span class='ocrx_word' id='word_1_253' title='bbox 961 3376 1002 3424; x_wconf 82' lang='lat' dir='ltr'>vel</span> <span class='ocrx_word' id='word_1_254' title='bbox 1026 3377 1061 3423; x_wconf 89' lang='lat' dir='ltr'>sic</span> <span class='ocrx_word' id='word_1_255' title='bbox 1084 3385 1168 3425; x_wconf 90' lang='lat' dir='ltr'>tamen</span> <span class='ocrx_word' id='word_1_256' title='bbox 1191 3376 1252 3424; x_wconf 84' lang='lat' dir='ltr'>illud</span> <span class='ocrx_word' id='word_1_257' title='bbox 1278 3377 1340 3424; x_wconf 85' lang='lat' dir='ltr'>milri</span> <span class='ocrx_word' id='word_1_258' title='bbox 1365 3378 1511 3441; x_wconf 86' lang='lat' dir='ltr'>displiceret.</span> 
     </span>
     <span class='ocr_line' id='line_1_30' title="bbox 372 3450 1510 3518; baseline 0.004 -17"><span class='ocrx_word' id='word_1_259' title='bbox 372 3450 555 3501; x_wconf 82' lang='lat' dir='ltr'>Commentario</span> <span class='ocrx_word' id='word_1_260' title='bbox 579 3451 679 3501; x_wconf 88' lang='lat' dir='ltr'>Bentlei</span> <span class='ocrx_word' id='word_1_261' title='bbox 704 3452 802 3500; x_wconf 82' lang='lat' dir='ltr'>adsunt.</span> <span class='ocrx_word' id='word_1_262' title='bbox 844 3453 919 3502; x_wconf 87' lang='lat' dir='ltr'>Adde</span> <span class='ocrx_word' id='word_1_263' title='bbox 961 3455 1023 3517; x_wconf 79' lang='lat' dir='ltr'>Quis</span> <span class='ocrx_word' id='word_1_264' title='bbox 1040 3455 1105 3504; x_wconf 88' lang='lat' dir='ltr'>enim</span> <span class='ocrx_word' id='word_1_265' title='bbox 1122 3469 1201 3518; x_wconf 86' lang='lat' dir='ltr'>aequo</span> <span class='ocrx_word' id='word_1_266' title='bbox 1222 3454 1305 3502; x_wconf 84' lang='lat' dir='ltr'>animo</span> <span class='ocrx_word' id='word_1_267' title='bbox 1328 3453 1427 3512; x_wconf 87' lang='lat' dir='ltr'>toleret,</span> <span class='ocrx_word' id='word_1_268' title='bbox 1448 3473 1510 3505; x_wconf 84' lang='lat' dir='ltr'>rara</span> 
     </span>
     <span class='ocr_line' id='line_1_31' title="bbox 373 3529 1510 3595; baseline 0.001 -15"><span class='ocrx_word' id='word_1_269' title='bbox 373 3529 451 3580; x_wconf 77' lang='lat' dir='ltr'>Cicer.</span> <span class='ocrx_word' id='word_1_270' title='bbox 477 3530 508 3578; x_wconf 86' lang='lat' dir='ltr'>de</span> <span class='ocrx_word' id='word_1_271' title='bbox 535 3529 592 3594; x_wconf 90' lang='lat' dir='ltr'>Opt.</span> <span class='ocrx_word' id='word_1_272' title='bbox 615 3545 671 3594; x_wconf 90' lang='lat' dir='ltr'>gen.</span> <span class='ocrx_word' id='word_1_273' title='bbox 698 3530 767 3581; x_wconf 89' lang='lat' dir='ltr'>Orat.</span> <span class='ocrx_word' id='word_1_274' title='bbox 789 3530 812 3578; x_wconf 84' lang='lat'>6.</span> <span class='ocrx_word' id='word_1_275' title='bbox 839 3533 862 3578; x_wconf 79' lang='lat' dir='ltr'><strong><em>A</em></strong></span> <span class='ocrx_word' id='word_1_276' title='bbox 882 3546 920 3580; x_wconf 85' lang='lat' dir='ltr'>ma</span> <span class='ocrx_word' id='word_1_277' title='bbox 960 3537 1055 3585; x_wconf 75' lang='lat' dir='ltr'>aeraria</span> <span class='ocrx_word' id='word_1_278' title='bbox 1081 3535 1109 3582; x_wconf 80' lang='lat' dir='ltr'>tu</span> <span class='ocrx_word' id='word_1_279' title='bbox 1130 3535 1218 3581; x_wconf 78' lang='lat' dir='ltr'>silvam</span> <span class='ocrx_word' id='word_1_280' title='bbox 1241 3533 1342 3593; x_wconf 77' lang='lat' dir='ltr'>fertur,</span> <span class='ocrx_word' id='word_1_281' title='bbox 1369 3547 1413 3595; x_wconf 89' lang='lat' dir='ltr'>pro</span> <span class='ocrx_word' id='word_1_282' title='bbox 1435 3534 1510 3593; x_wconf 83' lang='lat' dir='ltr'>silva,</span> 
     </span>
     <span class='ocr_line' id='line_1_32' title="bbox 372 3611 1512 3673; baseline 0.004 -15"><span class='ocrx_word' id='word_1_283' title='bbox 372 3617 456 3660; x_wconf 85' lang='lat' dir='ltr'>autem</span> <span class='ocrx_word' id='word_1_284' title='bbox 480 3611 652 3673; x_wconf 79' lang='lat' dir='ltr'>pladtatorurn</span> <span class='ocrx_word' id='word_1_285' title='bbox 667 3625 719 3673; x_wconf 88' lang='lat' dir='ltr'>par</span> <span class='ocrx_word' id='word_1_286' title='bbox 735 3612 919 3658; x_wconf 76' lang='lat' dir='ltr'>natitustmam</span> <span class='ocrx_word' id='word_1_287' title='bbox 960 3630 1023 3663; x_wconf 91' lang='lat' dir='ltr'>rara</span> <span class='ocrx_word' id='word_1_288' title='bbox 1038 3613 1122 3662; x_wconf 85' lang='lat' dir='ltr'>securi</span> <span class='ocrx_word' id='word_1_289' title='bbox 1138 3627 1223 3671; x_wconf 81' lang='lat' dir='ltr'>caesa,</span> <span class='ocrx_word' id='word_1_290' title='bbox 1244 3613 1310 3661; x_wconf 76' lang='lat' dir='ltr'>silva</span> <span class='ocrx_word' id='word_1_291' title='bbox 1327 3613 1372 3660; x_wconf 82' lang='lat' dir='ltr'>diu</span> <span class='ocrx_word' id='word_1_292' title='bbox 1389 3614 1512 3662; x_wconf 82' lang='lat' dir='ltr'>incaedua</span> 
     </span>
     <span class='ocr_line' id='line_1_33' title="bbox 373 3691 1510 3755; baseline 0.002 -18"><span class='ocrx_word' id='word_1_293' title='bbox 373 3691 513 3749; x_wconf 80' lang='lat' dir='ltr'>inducitur,</span> <span class='ocrx_word' id='word_1_294' title='bbox 531 3692 813 3752; x_wconf 71' lang='lat' dir='ltr'>Aeschinemtamquam</span> <span class='ocrx_word' id='word_1_295' title='bbox 830 3692 920 3738; x_wconf 81' lang='lat' dir='ltr'>Aeser·</span> <span class='ocrx_word' id='word_1_296' title='bbox 961 3695 1032 3744; x_wconf 81' lang='lat' dir='ltr'>aim?</span> <span class='ocrx_word' id='word_1_297' title='bbox 1056 3693 1130 3742; x_wconf 85' lang='lat' dir='ltr'>Nunc</span> <span class='ocrx_word' id='word_1_298' title='bbox 1146 3691 1272 3755; x_wconf 82' lang='lat' dir='ltr'>praeeedit</span> <span class='ocrx_word' id='word_1_299' title='bbox 1284 3691 1393 3755; x_wconf 74' lang='lat' dir='ltr'>flumem</span> <span class='ocrx_word' id='word_1_300' title='bbox 1404 3706 1465 3755; x_wconf 88' lang='lat' dir='ltr'>ergo</span> <span class='ocrx_word' id='word_1_301' title='bbox 1476 3708 1510 3742; x_wconf 78' lang='lat' dir='ltr'>ae·</span> 
     </span>
     <span class='ocr_line' id='line_1_34' title="bbox 373 3770 1512 3834; baseline -0.007 -8"><span class='ocrx_word' id='word_1_302' title='bbox 373 3771 458 3828; x_wconf 64' lang='lat' dir='ltr'>illm,</span> <span class='ocrx_word' id='word_1_303' title='bbox 485 3773 513 3817; x_wconf 60' lang='grc' dir='ltr'>αῖ</span> <span class='ocrx_word' id='word_1_304' title='bbox 534 3770 574 3816; x_wconf 67' lang='grc' dir='ltr'>ᾱὶΐ</span> <span class='ocrx_word' id='word_1_305' title='bbox 591 3770 722 3826; x_wconf 56' lang='lat' dir='ltr'>Luciliu&amp;</span> <span class='ocrx_word' id='word_1_306' title='bbox 747 3784 796 3816; x_wconf 63' lang='grc' dir='ltr'>ἢθη</span> <span class='ocrx_word' id='word_1_307' title='bbox 812 3783 920 3831; x_wconf 60' lang='lat' dir='ltr'>timrei&amp;</span> <span class='ocrx_word' id='word_1_308' title='bbox 961 3777 1032 3825; x_wconf 83' lang='lat' dir='ltr'>curie</span> <span class='ocrx_word' id='word_1_309' title='bbox 1044 3772 1163 3822; x_wconf 69' lang='lat' dir='ltr'>farturae</span> <span class='ocrx_word' id='word_1_310' title='bbox 1168 3771 1275 3834; x_wconf 78' lang='lat' dir='ltr'>flantem,</span> <span class='ocrx_word' id='word_1_311' title='bbox 1287 3778 1312 3819; x_wconf 88' lang='lat' dir='ltr'>et</span> <span class='ocrx_word' id='word_1_312' title='bbox 1322 3772 1512 3830; x_wconf 87' lang='lat' dir='ltr'>assumendam,</span> 
     </span>
     <span class='ocr_line' id='line_1_35' title="bbox 374 3846 1512 3914; baseline 0.002 -15"><span class='ocrx_word' id='word_1_313' title='bbox 374 3849 455 3908; x_wconf 76' lang='lat' dir='ltr'>lama,</span> <span class='ocrx_word' id='word_1_314' title='bbox 472 3851 516 3898; x_wconf 78' lang='lat' dir='ltr'>aad</span> <span class='ocrx_word' id='word_1_315' title='bbox 531 3851 618 3898; x_wconf 75' lang='lat' dir='ltr'>doctas</span> <span class='ocrx_word' id='word_1_316' title='bbox 629 3854 655 3897; x_wconf 86' lang='lat' dir='ltr'>et</span> <span class='ocrx_word' id='word_1_317' title='bbox 672 3863 729 3896; x_wconf 86' lang='lat' dir='ltr'>acer</span> <span class='ocrx_word' id='word_1_318' title='bbox 761 3846 825 3895; x_wconf 84' lang='lat' dir='ltr'>Cam</span> <span class='ocrx_word' id='word_1_319' title='bbox 844 3849 920 3897; x_wconf 83' lang='lat' dir='ltr'>Paci·</span> <span class='ocrx_word' id='word_1_320' title='bbox 961 3855 996 3900; x_wconf 85' lang='lat' dir='ltr'>ad</span> <span class='ocrx_word' id='word_1_321' title='bbox 1011 3854 1113 3900; x_wconf 83' lang='lat' dir='ltr'>arbores</span> <span class='ocrx_word' id='word_1_322' title='bbox 1130 3850 1157 3897; x_wconf 89' lang='lat' dir='ltr'>in</span> <span class='ocrx_word' id='word_1_323' title='bbox 1173 3850 1227 3914; x_wconf 84' lang='lat' dir='ltr'>ripa</span> <span class='ocrx_word' id='word_1_324' title='bbox 1244 3849 1352 3899; x_wconf 87' lang='lat' dir='ltr'>fluminis</span> <span class='ocrx_word' id='word_1_325' title='bbox 1369 3852 1512 3902; x_wconf 86' lang='lat' dir='ltr'>caedendas.</span> 
     </span>
     <span class='ocr_line' id='line_1_36' title="bbox 374 3924 1511 3995; baseline 0.004 -19"><span class='ocrx_word' id='word_1_326' title='bbox 374 3930 449 3978; x_wconf 79' lang='lat' dir='ltr'>diano</span> <span class='ocrx_word' id='word_1_327' title='bbox 465 3931 507 3977; x_wconf 81' lang='lat' dir='ltr'>teia</span> <span class='ocrx_word' id='word_1_328' title='bbox 522 3929 687 3991; x_wconf 80' lang='lat' dir='ltr'>componitur.</span> <span class='ocrx_word' id='word_1_329' title='bbox 721 3927 840 3975; x_wconf 84' lang='lat' dir='ltr'>Lucanus</span> <span class='ocrx_word' id='word_1_330' title='bbox 857 3924 920 3974; x_wconf 91' lang='lat' dir='ltr'><strong>VII.</strong></span> <span class='ocrx_word' id='word_1_331' title='bbox 962 3932 1045 3982; x_wconf 79' lang='lat' dir='ltr'>Multa</span> <span class='ocrx_word' id='word_1_332' title='bbox 1061 3930 1165 3986; x_wconf 79' lang='lat' dir='ltr'>conieci,</span> <span class='ocrx_word' id='word_1_333' title='bbox 1182 3945 1206 3978; x_wconf 84' lang='lat' dir='ltr'>r.</span> <span class='ocrx_word' id='word_1_334' title='bbox 1224 3945 1243 3979; x_wconf 86' lang='lat' dir='ltr'>a.</span> <span class='ocrx_word' id='word_1_335' title='bbox 1265 3931 1311 3979; x_wconf 92' lang='lat' dir='ltr'>hoc</span> <span class='ocrx_word' id='word_1_336' title='bbox 1327 3945 1437 3995; x_wconf 87' lang='lat' dir='ltr'>quoque:</span> <span class='ocrx_word' id='word_1_337' title='bbox 1454 3947 1511 3983; x_wconf 86' lang='lat' dir='ltr'>rue-</span> 
     </span>
     <span class='ocr_line' id='line_1_37' title="bbox 374 4006 1513 4075; baseline 0.006 -21"><span class='ocrx_word' id='word_1_338' title='bbox 374 4006 429 4056; x_wconf 81' lang='lat'><strong>695.</strong></span> <span class='ocrx_word' id='word_1_339' title='bbox 455 4008 499 4056; x_wconf 79' lang='lat' dir='ltr'>aad</span> <span class='ocrx_word' id='word_1_340' title='bbox 521 4022 580 4069; x_wconf 83' lang='lat' dir='ltr'>par,</span> <span class='ocrx_word' id='word_1_341' title='bbox 601 4006 667 4070; x_wconf 77' lang='lat' dir='ltr'>quod</span> <span class='ocrx_word' id='word_1_342' title='bbox 681 4021 777 4069; x_wconf 75' lang='lat' dir='ltr'>temper</span> <span class='ocrx_word' id='word_1_343' title='bbox 794 4007 921 4064; x_wconf 75' lang='lat' dir='ltr'>tatanus,</span> <span class='ocrx_word' id='word_1_344' title='bbox 963 4017 1020 4068; x_wconf 84' lang='lat' dir='ltr'>bat,</span> <span class='ocrx_word' id='word_1_345' title='bbox 1044 4013 1150 4059; x_wconf 81' lang='lat' dir='ltr'>Flumen</span> <span class='ocrx_word' id='word_1_346' title='bbox 1170 4015 1200 4058; x_wconf 89' lang='lat' dir='ltr'>ut</span> <span class='ocrx_word' id='word_1_347' title='bbox 1222 4012 1352 4061; x_wconf 80' lang='lat' dir='ltr'>hibernum</span> <span class='ocrx_word' id='word_1_348' title='bbox 1363 4012 1455 4075; x_wconf 80' lang='lat' dir='ltr'>fertur</span> <span class='ocrx_word' id='word_1_349' title='bbox 1472 4029 1513 4061; x_wconf 88' lang='lat' dir='ltr'>ra·</span> 
     </span>
     <span class='ocr_line' id='line_1_38' title="bbox 376 4083 1512 4154; baseline 0.004 -20"><span class='ocrx_word' id='word_1_350' title='bbox 376 4087 494 4136; x_wconf 75' lang='lat' dir='ltr'>Libertas</span> <span class='ocrx_word' id='word_1_351' title='bbox 518 4091 543 4134; x_wconf 90' lang='lat' dir='ltr'>et</span> <span class='ocrx_word' id='word_1_352' title='bbox 566 4086 662 4135; x_wconf 81' lang='lat' dir='ltr'>Caesar</span> <span class='ocrx_word' id='word_1_353' title='bbox 683 4090 765 4133; x_wconf 84' lang='lat' dir='ltr'>erant.</span> <span class='ocrx_word' id='word_1_354' title='bbox 788 4083 873 4134; x_wconf 81' lang='lat' dir='ltr'>Senec.</span> <span class='ocrx_word' id='word_1_355' title='bbox 891 4084 922 4132; x_wconf 80' lang='lat' dir='ltr'>de</span> <span class='ocrx_word' id='word_1_356' title='bbox 962 4093 1022 4154; x_wconf 76' lang='lat' dir='ltr'>picto</span> <span class='ocrx_word' id='word_1_357' title='bbox 1038 4092 1066 4138; x_wconf 87' lang='lat' dir='ltr'>in</span> <span class='ocrx_word' id='word_1_358' title='bbox 1082 4095 1141 4138; x_wconf 82' lang='lat' dir='ltr'>eata</span> <span class='ocrx_word' id='word_1_359' title='bbox 1152 4104 1238 4139; x_wconf 83' lang='lat' dir='ltr'>aaran.</span> <span class='ocrx_word' id='word_1_360' title='bbox 1273 4089 1309 4139; x_wconf 87' lang='lat' dir='ltr'>Ut</span> <span class='ocrx_word' id='word_1_361' title='bbox 1319 4090 1423 4138; x_wconf 86' lang='lat' dir='ltr'>Homeri</span> <span class='ocrx_word' id='word_1_362' title='bbox 1435 4091 1465 4139; x_wconf 91' lang='lat' dir='ltr'>Il.</span> <span class='ocrx_word' id='word_1_363' title='bbox 1483 4097 1512 4139; x_wconf 86' lang='grc' dir='ltr'>Λ.</span> 
     </span>
     <span class='ocr_line' id='line_1_39' title="bbox 375 4165 1514 4234; baseline 0.003 -19"><span class='ocrx_word' id='word_1_364' title='bbox 375 4166 450 4216; x_wconf 86' lang='lat' dir='ltr'>Prov.</span> <span class='ocrx_word' id='word_1_365' title='bbox 467 4167 492 4215; x_wconf 71' lang='lat' dir='ltr'><strong>Z</strong></span> <span class='ocrx_word' id='word_1_366' title='bbox 514 4167 581 4216; x_wconf 78' lang='lat' dir='ltr'>Eece</span> <span class='ocrx_word' id='word_1_367' title='bbox 596 4181 661 4228; x_wconf 71' lang='lat' dir='ltr'>pur,</span> <span class='ocrx_word' id='word_1_368' title='bbox 682 4167 734 4213; x_wconf 71' lang='lat'>000</span> <span class='ocrx_word' id='word_1_369' title='bbox 750 4166 866 4226; x_wconf 63' lang='lat' dir='ltr'>(lituum,</span> <span class='ocrx_word' id='word_1_370' title='bbox 884 4165 923 4212; x_wconf 68' lang='lat' dir='ltr'>vlt</span> <span class='ocrx_word' id='word_1_371' title='bbox 964 4170 1019 4219; x_wconf 82' lang='lat'>492.</span> <span class='ocrx_word' id='word_1_372' title='bbox 1037 4167 1081 4227; x_wconf 80' lang='grc' dir='ltr'>Ὠς</span> <span class='ocrx_word' id='word_1_373' title='bbox 1095 4167 1201 4218; x_wconf 74' lang='grc' dir='ltr'>δ’ὁπὸτε</span> <span class='ocrx_word' id='word_1_374' title='bbox 1219 4168 1327 4228; x_wconf 69' lang='grc' dir='ltr'>πλήθων</span> <span class='ocrx_word' id='word_1_375' title='bbox 1345 4169 1461 4234; x_wconf 79' lang='grc' dir='ltr'>ποταμὸς</span> <span class='ocrx_word' id='word_1_376' title='bbox 1473 4187 1514 4218; x_wconf 83' lang='grc' dir='ltr'>πε-</span> 
     </span>
     <span class='ocr_line' id='line_1_40' title="bbox 370 4245 1514 4312; baseline -0.003 -16"><span class='ocrx_word' id='word_1_377' title='bbox 370 4246 450 4308; x_wconf 70' lang='lat' dir='ltr'>forta</span> <span class='ocrx_word' id='word_1_378' title='bbox 478 4261 535 4295; x_wconf 86' lang='lat' dir='ltr'>cum</span> <span class='ocrx_word' id='word_1_379' title='bbox 552 4248 619 4294; x_wconf 76' lang='lat' dir='ltr'>naula</span> <span class='ocrx_word' id='word_1_380' title='bbox 630 4245 744 4308; x_wconf 77' lang='lat' dir='ltr'>fortuna</span> <span class='ocrx_word' id='word_1_381' title='bbox 764 4245 924 4306; x_wconf 78' lang='lat' dir='ltr'>compositus.</span> <span class='ocrx_word' id='word_1_382' title='bbox 964 4248 1045 4299; x_wconf 64' lang='lat' dir='ltr'>tioudi</span> <span class='ocrx_word' id='word_1_383' title='bbox 1072 4248 1165 4297; x_wconf 70' lang='grc' dir='ltr'>κάτεισι</span> <span class='ocrx_word' id='word_1_384' title='bbox 1195 4245 1337 4312; x_wconf 78' lang='grc' dir='ltr'><strong><em>χειμάρῤος.</em></strong></span> <span class='ocrx_word' id='word_1_385' title='bbox 1376 4248 1449 4311; x_wconf 83' lang='lat' dir='ltr'>Virg.</span> <span class='ocrx_word' id='word_1_386' title='bbox 1478 4248 1514 4297; x_wconf 93' lang='grc' dir='ltr'>ΙΙ,</span> 
     </span>
     <span class='ocr_line' id='line_1_41' title="bbox 376 4322 1516 4390; baseline 0.001 -15"><span class='ocrx_word' id='word_1_387' title='bbox 376 4327 409 4375; x_wconf 78' lang='lat' dir='ltr'>Et</span> <span class='ocrx_word' id='word_1_388' title='bbox 425 4325 462 4374; x_wconf 86' lang='lat' dir='ltr'>sic</span> <span class='ocrx_word' id='word_1_389' title='bbox 478 4325 581 4389; x_wconf 85' lang='lat' dir='ltr'>ubique:</span> <span class='ocrx_word' id='word_1_390' title='bbox 599 4324 675 4372; x_wconf 84' lang='lat' dir='ltr'>etiam</span> <span class='ocrx_word' id='word_1_391' title='bbox 691 4322 734 4370; x_wconf 91' lang='lat' dir='ltr'>ubi</span> <span class='ocrx_word' id='word_1_392' title='bbox 750 4323 852 4372; x_wconf 88' lang='lat' dir='ltr'>nomina</span> <span class='ocrx_word' id='word_1_393' title='bbox 867 4337 923 4385; x_wconf 89' lang='lat' dir='ltr'>pro·</span> <span class='ocrx_word' id='word_1_394' title='bbox 964 4328 1030 4378; x_wconf 79' lang='lat' dir='ltr'>Aen,</span> <span class='ocrx_word' id='word_1_395' title='bbox 1055 4329 1111 4376; x_wconf 81' lang='lat'>305.</span> <span class='ocrx_word' id='word_1_396' title='bbox 1139 4328 1245 4389; x_wconf 79' lang='lat' dir='ltr'>rapidae</span> <span class='ocrx_word' id='word_1_397' title='bbox 1271 4333 1387 4376; x_wconf 81' lang='lat' dir='ltr'>nauataao</span> <span class='ocrx_word' id='word_1_398' title='bbox 1405 4328 1516 4390; x_wconf 79' lang='lat' dir='ltr'>flumme</span> 
     </span>
     <span class='ocr_line' id='line_1_42' title="bbox 377 4404 1515 4470; baseline -0.004 -9"><span class='ocrx_word' id='word_1_399' title='bbox 377 4407 429 4470; x_wconf 70' lang='lat' dir='ltr'>pria</span> <span class='ocrx_word' id='word_1_400' title='bbox 446 4421 497 4455; x_wconf 93' lang='lat' dir='ltr'>non</span> <span class='ocrx_word' id='word_1_401' title='bbox 513 4405 701 4469; x_wconf 72' lang='lat' dir='ltr'>exprimuntur,</span> <span class='ocrx_word' id='word_1_402' title='bbox 716 4405 759 4452; x_wconf 66' lang='lat' dir='ltr'>Sed</span> <span class='ocrx_word' id='word_1_403' title='bbox 776 4404 924 4465; x_wconf 57' lang='lat' dir='ltr'>fflssitassturt</span> <span class='ocrx_word' id='word_1_404' title='bbox 966 4414 1065 4457; x_wconf 82' lang='lat' dir='ltr'>torrens</span> <span class='ocrx_word' id='word_1_405' title='bbox 1096 4408 1196 4455; x_wconf 83' lang='lat' dir='ltr'>Sternit</span> <span class='ocrx_word' id='word_1_406' title='bbox 1224 4419 1310 4467; x_wconf 72' lang='lat' dir='ltr'>aaron,</span> <span class='ocrx_word' id='word_1_407' title='bbox 1337 4408 1430 4454; x_wconf 72' lang='lat' dir='ltr'>sternit</span> <span class='ocrx_word' id='word_1_408' title='bbox 1457 4414 1515 4457; x_wconf 83' lang='lat' dir='ltr'>sata</span> 
     </span>
     <span class='ocr_line' id='line_1_43' title="bbox 377 4475 1514 4549; baseline -0.001 -13"><span class='ocrx_word' id='word_1_409' title='bbox 377 4495 404 4536; x_wconf 84' lang='lat' dir='ltr'>ut</span> <span class='ocrx_word' id='word_1_410' title='bbox 428 4487 531 4536; x_wconf 87' lang='lat' dir='ltr'>Petron.</span> <span class='ocrx_word' id='word_1_411' title='bbox 556 4501 580 4549; x_wconf 91' lang='lat' dir='ltr'>p.</span> <span class='ocrx_word' id='word_1_412' title='bbox 596 4486 653 4534; x_wconf 82' lang='lat'><strong>396.</strong></span> <span class='ocrx_word' id='word_1_413' title='bbox 683 4485 738 4533; x_wconf 88' lang='lat' dir='ltr'>Par</span> <span class='ocrx_word' id='word_1_414' title='bbox 766 4475 924 4546; x_wconf 73' lang='lat' dir='ltr'>Thebanum,</span> <span class='ocrx_word' id='word_1_415' title='bbox 966 4489 1047 4544; x_wconf 86' lang='lat' dir='ltr'>taeta,</span> <span class='ocrx_word' id='word_1_416' title='bbox 1071 4487 1190 4546; x_wconf 85' lang='lat' dir='ltr'>boumque</span> <span class='ocrx_word' id='word_1_417' title='bbox 1212 4485 1322 4532; x_wconf 74' lang='lat' dir='ltr'>litorea.</span> <span class='ocrx_word' id='word_1_418' title='bbox 1357 4482 1514 4536; x_wconf 82' lang='lat' dir='ltr'>Commenta·</span> 
     </span>
     <span class='ocr_line' id='line_1_44' title="bbox 378 4562 1515 4630; baseline 0.003 -16"><span class='ocrx_word' id='word_1_419' title='bbox 378 4580 465 4630; x_wconf 86' lang='lat' dir='ltr'>nempe</span> <span class='ocrx_word' id='word_1_420' title='bbox 476 4566 588 4614; x_wconf 77' lang='lat' dir='ltr'>Eteoclea</span> <span class='ocrx_word' id='word_1_421' title='bbox 600 4571 625 4613; x_wconf 86' lang='lat' dir='ltr'>et</span> <span class='ocrx_word' id='word_1_422' title='bbox 637 4565 782 4626; x_wconf 73' lang='lat' dir='ltr'>Polynices:</span> <span class='ocrx_word' id='word_1_423' title='bbox 800 4578 850 4612; x_wconf 93' lang='lat' dir='ltr'>non</span> <span class='ocrx_word' id='word_1_424' title='bbox 863 4565 925 4611; x_wconf 78' lang='lat' dir='ltr'>Tle-</span> <span class='ocrx_word' id='word_1_425' title='bbox 966 4573 1017 4614; x_wconf 86' lang='lat' dir='ltr'>tor:</span> <span class='ocrx_word' id='word_1_426' title='bbox 1036 4570 1079 4622; x_wconf 88' lang='lat' dir='ltr'>„ut</span> <span class='ocrx_word' id='word_1_427' title='bbox 1096 4565 1126 4612; x_wconf 89' lang='lat' dir='ltr'>de</span> <span class='ocrx_word' id='word_1_428' title='bbox 1143 4562 1266 4611; x_wconf 79' lang='lat' dir='ltr'>altissimis</span> <span class='ocrx_word' id='word_1_429' title='bbox 1283 4563 1406 4611; x_wconf 84' lang='lat' dir='ltr'>montibus</span> <span class='ocrx_word' id='word_1_430' title='bbox 1418 4572 1515 4616; x_wconf 81' lang='lat' dir='ltr'>torrens</span> 
     </span>
     <span class='ocr_line' id='line_1_45' title="bbox 379 4642 1517 4708; baseline 0.001 -14"><span class='ocrx_word' id='word_1_431' title='bbox 379 4648 512 4704; x_wconf 86' lang='lat' dir='ltr'>tanarum,</span> <span class='ocrx_word' id='word_1_432' title='bbox 529 4645 595 4708; x_wconf 85' lang='lat' dir='ltr'>quod</span> <span class='ocrx_word' id='word_1_433' title='bbox 612 4642 778 4704; x_wconf 83' lang='lat' dir='ltr'>malelegitar</span> <span class='ocrx_word' id='word_1_434' title='bbox 796 4644 821 4692; x_wconf 95' lang='lat' dir='ltr'>in</span> <span class='ocrx_word' id='word_1_435' title='bbox 833 4644 925 4693; x_wconf 90' lang='lat' dir='ltr'>Minut.</span> <span class='ocrx_word' id='word_1_436' title='bbox 967 4646 1069 4694; x_wconf 86' lang='lat' dir='ltr'>hiberno</span> <span class='ocrx_word' id='word_1_437' title='bbox 1089 4652 1198 4706; x_wconf 87' lang='lat' dir='ltr'>tempore</span> <span class='ocrx_word' id='word_1_438' title='bbox 1219 4642 1281 4691; x_wconf 89' lang='lat' dir='ltr'>solet</span> <span class='ocrx_word' id='word_1_439' title='bbox 1301 4643 1454 4706; x_wconf 76' lang='lat' dir='ltr'>rapidissime</span> <span class='ocrx_word' id='word_1_440' title='bbox 1476 4648 1517 4695; x_wconf 88' lang='lat' dir='ltr'>de·</span> 
     </span>
     <span class='ocr_line' id='line_1_46' title="bbox 380 4722 1516 4788; baseline 0.002 -14"><span class='ocrx_word' id='word_1_441' title='bbox 380 4725 653 4788; x_wconf 77' lang='lat' dir='ltr'>Fel.Octav.p.140.</span> <span class='ocrx_word' id='word_1_442' title='bbox 687 4723 739 4771; x_wconf 85' lang='lat' dir='ltr'>Par</span> <span class='ocrx_word' id='word_1_443' title='bbox 747 4725 926 4786; x_wconf 64' lang='lat' dir='ltr'>plumaturam,</span> <span class='ocrx_word' id='word_1_444' title='bbox 968 4727 1091 4773; x_wconf 86' lang='lat' dir='ltr'>currere.“</span> <span class='ocrx_word' id='word_1_445' title='bbox 1127 4723 1238 4772; x_wconf 91' lang='lat' dir='ltr'>Videant</span> <span class='ocrx_word' id='word_1_446' title='bbox 1249 4722 1349 4781; x_wconf 82' lang='lat' dir='ltr'>alii,an</span> <span class='ocrx_word' id='word_1_447' title='bbox 1363 4723 1464 4788; x_wconf 80' lang='lat' dir='ltr'>vulgata</span> <span class='ocrx_word' id='word_1_448' title='bbox 1477 4728 1516 4776; x_wconf 83' lang='lat' dir='ltr'>rel</span> 
     </span>
    </p>
   </div>
   <div class='ocr_carea' id='block_1_8' title="bbox 1363 4828 1380 4868">
    <p class='ocr_par' dir='ltr' id='par_1_8' title="bbox 1363 4828 1380 4868">
     <span class='ocr_line' id='line_1_47' title="bbox 1363 4828 1380 4868; baseline 0 0"><span class='ocrx_word' id='word_1_449' title='bbox 1363 4828 1380 4868; x_wconf 80' lang='grc' dir='ltr'>ί)</span> 
     </span>
    </p>
   </div>
   <div class='ocr_carea' id='block_1_9' title="bbox 0 0 1897 5759">
    <p class='ocr_par' dir='ltr' id='par_1_9' title="bbox 0 0 1897 5759">
     <span class='ocr_line' id='line_1_48' title="bbox 0 0 1897 5759; baseline 0 0"><span class='ocrx_word' id='word_1_450' title='bbox 0 0 1897 5759; x_wconf 95' lang='lat' dir='ltr'> </span> 
     </span>
    </p>
   </div>
  </div>
 </body>
</html>
