3750 5759
815 717 1000 782 LIBER
1046 720 1070 783 I.

414 903 547 990 Siquis
571 925 647 969 eum
671 925 820 986 servum,
844 904 994 988 patinam
1018 903 1075 989 qui
1100 904 1213 970 tollere
1237 905 1364 990 iussus,

414 1006 564 1073 Semesos
587 1006 693 1092 pisces
717 1006 930 1092 tepidumque
953 1005 1133 1092 ligurrierit
1155 1007 1226 1090 ius,

413 1111 454 1176 In
477 1132 571 1176 cruce
594 1109 744 1196 suffigat,
770 1109 920 1174 Labeone
944 1109 1089 1175 insanior
1111 1109 1197 1175 inter

415 1215 518 1281 Senos
543 1213 678 1278 dicatur.
729 1212 859 1293 Quanto
883 1213 943 1277 hoc
967 1212 1122 1278 furiosius
1146 1219 1244 1299 atque

413 1316 521 1383 Maius
545 1322 717 1403 peceatum
741 1317 809 1382 est!
858 1316 1013 1381 Paullum
1026 1316 1177 1402 deliquit
1199 1317 1342 1400 amicus,

414 1419 509 1500 Quod
532 1420 599 1486 nisi
621 1421 799 1503 concedas,
824 1420 963 1485 habeare
986 1419 1153 1504 insuavis,
1178 1421 1312 1487 acerbus
1319 1446 1328 1499 3

413 1524 523 1591 Odisti
545 1529 580 1590 et
602 1523 710 1610 fugis,
734 1530 773 1590 ut
796 1525 965 1589 Rusonem
988 1523 1116 1590 debitor
1139 1524 1241 1607 aeris,

414 1628 477 1708 Qui
501 1627 585 1711 nisi,
611 1650 712 1713 quum
736 1628 847 1694 tristes
871 1628 991 1693 misero
1014 1649 1130 1694 venere
1152 1627 1326 1711 calendae,

412 1732 595 1798 Mercedem
618 1740 677 1797 aut
697 1753 852 1798 nummos
875 1732 963 1797 unde
986 1731 1073 1797 unde
1098 1732 1251 1815 extricat,
1276 1753 1402 1798 amaras

411 1835 564 1902 Porrecto
587 1835 701 1921 iugulo
724 1835 876 1902 historias
902 1835 1051 1921 captivus
1075 1841 1114 1901 ut
1136 1836 1238 1902 audit.

400 2033 431 2082 si
446 2032 502 2094 qais
517 2046 573 2081 euna
588 2045 696 2081 amam.
730 2029 814 2078 Multo
831 2029 918 2078 melius
960 2032 1028 2080 iuret
1042 2033 1151 2081 Orestes.
1179 2031 1268 2080 Horat.
1281 2030 1355 2082 Setir.
1366 2029 1402 2078 11.
1415 2043 1456 2077 111.
1467 2027 1513 2076 40.v

367 2111 428 2160 mihi
445 2111 557 2159 videtur:
584 2112 614 2159 si
639 2111 697 2172 qaia
722 2114 787 2158 arta
812 2125 917 2161 sovana.
959 2111 1067 2160 Insanos
1083 2113 1127 2174 qui
1142 2113 1210 2160 inter
1226 2127 1327 2160 vereare
1343 2113 1449 2159 insanas
1466 2110 1509 2156 ba·

368 2191 474 2254 Legitur
499 2189 598 2252 quidem
624 2189 651 2236 in
675 2188 747 2236 nullo
775 2186 832 2236 MS.
867 2188 918 2238 Sed
960 2192 1021 2239 beri.
1056 2192 1112 2240 Iam
1133 2190 1178 2239 ille
1203 2193 1306 2250 Quanto
1328 2193 1371 2240 boc
1381 2188 1511 2253 ferriarios

370 2278 421 2318 tota
437 2269 555 2318 orationis
573 2268 654 2316 forma
670 2267 787 2331 postulat.
960 2275 1035 2332 atque
1044 2273 1133 2319 Maias
1141 2277 1270 2333 peccatam
1279 2276 1317 2320 est
1327 2283 1422 2326 omnes,
1433 2282 1509 2330 quan·

398 2351 513 2398 Labeone
529 2350 644 2398 imanior
661 2351 730 2398 inter
748 2349 830 2396 Sanos
846 2348 915 2396 dica·
959 2354 1012 2397 tam
1039 2349 1110 2407 novi,
1142 2363 1197 2397 cum
1224 2349 1385 2412 sequentibus
1407 2348 1509 2397 coniun-

368 2435 418 2478 tar.
439 2428 729 2490 Quantotocfariosius
740 2433 816 2489 atque
827 2426 918 2474 Marus
959 2436 1035 2492 gunt,
1053 2428 1177 2493 Cruquius
1195 2438 1324 2493 propterea
1341 2443 1437 2494 quoque
1455 2431 1507 2485 bac,
1567 2484 1574 2497 .

365 2512 497 2572 meatum
513 2511 562 2557 est!
597 2508 726 2558 Bentleias
743 2505 845 2568 corrigit
862 2506 914 2552 La·
959 2510 1024 2570 quod
1049 2509 1074 2557 in
1099 2509 1160 2558 Ood.
1187 2508 1278 2558 Bland.
1302 2508 1433 2557 delendum
1457 2521 1510 2556 esse

367 2591 442 2638 bieria.
477 2587 603 2638 Gesnerus
620 2588 711 2650 optime
728 2585 859 2648 vulgatum
876 2585 916 2631 de·
958 2602 1002 2652 per
1018 2588 1155 2652 subscripta
1171 2595 1262 2651 puncta
1278 2588 1413 2646 indicatur,
1431 2587 1511 2646 delet,

367 2666 450 2717 studit·
493 2668 528 2716 Et
559 2667 759 2718 COmmesstttON
793 2664 916 2723 „Martius
957 2675 982 2717 et
999 2675 1110 2730 apertam
1121 2667 1268 2715 sententiam
1279 2665 1445 2723 dicit:multo
1456 2680 1510 2715 esse

367 2747 493 2796 Antistius
504 2746 590 2795 steo
600 2747 756 2809 iurisperitus
766 2749 917 2792 memoratae
959 2747 1075 2796 furiosius
1097 2747 1177 2795 odisse
1198 2747 1305 2795 amicum
1328 2753 1352 2796 et
1375 2746 1473 2809 fugere,
1490 2747 1511 2795 si

367 2825 499 2883 libertatis,
521 2825 602 2874 mults
621 2825 699 2873 libere
720 2830 806 2872 contra
828 2820 916 2871 Caesa·
958 2826 1070 2889 paullum
1093 2826 1210 2891 deliquit.
1234 2841 1309 2889 quem
1330 2839 1430 2873 servum
1451 2839 1508 2888 pro-

367 2919 418 2954 rem
435 2905 529 2954 dixisse
550 2912 575 2953 et
596 2904 682 2953 fecisse
703 2903 805 2960 dicitur,
833 2901 864 2948 ab
888 2915 917 2950 eo
958 2912 1012 2969 pter
1036 2905 1218 2969 ligurritionem
1242 2905 1330 2954 tollere
1353 2905 1379 2952 in
1404 2910 1510 2954 crucem.

367 2984 430 3034 latas
446 2987 516 3048 leges
533 2984 709 3033 contumaciter
721 2982 916 3045 reprehendens:
959 2985 1009 3035 Sed
1031 2986 1149 3034 Horatius
1171 2992 1267 3034 tentam
1288 2984 1460 3033 crudelitatem
1476 2985 1511 3032 sie

366 3079 443 3128 quere
459 3064 486 3112 in
503 3064 610 3127 gretiam
621 3063 732 3126 Augusti
743 3076 801 3110 eum
812 3061 852 3108 hic
864 3075 916 3108 car-
958 3065 1023 3114 ferre
1039 3080 1088 3114 aon
1110 3071 1217 3129 poterat,
1243 3072 1271 3114 ut
1296 3064 1348 3113 fere
1372 3071 1508 3114 excusaret.

367 3145 415 3207 Pii,
432 3151 457 3194 ⁰2
473 3145 590 3192 insanum
604 3143 741 3192 nominat.“
774 3141 806 3190 1¹¹
822 3141 917 3204 hispro
958 3147 1027 3196 Hace
1049 3160 1091 3206 eo,
1116 3146 1144 3194 ni
1166 3145 1251 3204 fallor,
1277 3150 1359 3194 essent
1382 3144 1509 3207 digniora:

368 3227 484 3274 Martias
500 3223 634 3286 legendum
651 3222 760 3271 Marcus
777 3222 917 3278 Antistius,
958 3227 1071 3274 Labeone
1087 3226 1201 3273 insanior
1212 3226 1281 3273 inter
1298 3225 1409 3273 [nsanos
1421 3225 1506 3273 dicat:

367 3319 411 3368 pro
422 3308 574 3353 memoratae
584 3309 667 3351 autem
677 3303 862 3350 immoderatae.
885 3300 917 3348 In
958 3306 1083 3365 ‚‚Qaarrto
1105 3306 1149 3354 boo
1166 3304 1296 3366 seriosius
1318 3310 1394 3366 atque
1418 3305 1510 3352 Maias

367 3385 467 3433 Acrone
475 3397 572 3447 qnoque
580 3381 645 3430 male
655 3381 748 3444 legitur
759 3385 916 3428 meawratae.
957 3386 1165 3446 peecatamest!“
1191 3383 1275 3431 Homo
1286 3382 1326 3432 vel
1336 3383 1508 3432 insanissimus

367 3464 475 3513 Videtur
499 3475 597 3526 quoque
617 3474 735 3523 responsa
757 3459 852 3507 dedisse
877 3472 915 3506 se·
958 3462 984 3508 in
1000 3461 1083 3509 medio
1093 3460 1237 3508 insanorum
1249 3461 1439 3524 approbantium
1450 3475 1507 3510 con·

367 3546 476 3594 candum
498 3541 635 3591 doctrinam
658 3539 797 3590 Stoicorum
814 3541 844 3588 de
866 3555 917 3588 nno
957 3547 1035 3589 ventu
1050 3539 1154 3588 diceret:
1180 3539 1236 3588 Hoc
1260 3539 1408 3603 supplicium
1434 3540 1509 3604 longe

367 3626 419 3674 solo
440 3630 549 3688 peccato,
583 3619 632 3670 Sed
655 3620 715 3682 quid
731 3621 834 3667 dicatur
850 3621 917 3668 inter
959 3619 1074 3668 furiosius
1083 3624 1129 3678 est,
1137 3633 1213 3682 quam
1221 3621 1508 3682 peecatumservimsius

366 3708 453 3755 sanos?
496 3703 622 3752 Gesnerus
650 3705 777 3761 comparat
804 3694 916 3748 ciceron.
958 3705 1004 3749 est.
1046 3698 1113 3761 Quid
1136 3713 1181 3747 nos
1206 3698 1325 3748 facimust
1359 3700 1387 3750 Si
1414 3701 1510 3750 amicus

367 3799 412 3848 pro
421 3785 496 3834 Rosa.
505 3780 628 3838 Amerino
638 3779 675 3827 12.
704 3779 837 3827 Hominem
849 3781 918 3840 terroe
958 3778 1071 3841 paullum
1088 3777 1205 3841 deliquit,
1226 3792 1283 3827 eum
1306 3779 1403 3829 odimus
1424 3786 1449 3830 et
1471 3780 1509 3830 fn.

368 3865 566 3914 aadamammam
586 3874 669 3921 nuper
691 3859 823 3907 babuimus
839 3859 867 3905 tn
883 3860 917 3907 ei·
959 3857 1049 3920 gimus.
1084 3856 1155 3905 Idem
1172 3870 1233 3921 ergo
1250 3857 1365 3920 facimus,
1383 3860 1509 3909 levedeli-

367 3947 446 3994 ritate
473 3942 502 3991 G,
523 3942 677 3999 Fimbriam,
698 3945 737 3999 et,
762 3939 828 4001 qood
850 3940 918 3986 inter
959 3944 1026 3985 ctum
1037 3938 1509 4004 magnapoenaaffieimus,quasiom-

366 4038 449 4072 omnes
465 4024 573 4077 constat,
590 4020 642 4067 nisi
659 4019 726 4066 inter
743 4031 790 4074 eos,
807 4020 851 4079 qai
867 4020 918 4079 ipsi
958 4017 1000 4064 nia
1016 4023 1115 4079 peccata
1126 4021 1207 4065 essent
1216 4019 1343 4081 aequalis,
1357 4027 1382 4068 et
1393 4019 1509 4083 aequales

368 4117 463 4165 meoque
479 4101 628 4157 insaniant,
644 4098 841 4146 insanissimam.
875 4098 917 4146 Iu·
959 4104 1196 4159 poenasposoerem.
1220 4101 1304 4161 Atque
1314 4112 1359 4162 pro
1369 4114 1446 4161 qaam
1457 4098 1509 4147 Ho-

368 4182 477 4230 dicando·
487 4178 588 4235 sceleri,
610 4177 676 4241 quod
697 4177 816 4225 Horatius
834 4178 917 4240 exegi-
959 4175 1023 4224 ratio
1039 4174 1162 4238 frequens.
1180 4173 1254 4225 Satir.
1272 4176 1293 4225 I.
1310 4191 1339 4226 11.
1356 4178 1397 4226 22.
1414 4182 1444 4224 at
1460 4192 1510 4225 noa

368 4268 414 4321 tat,
437 4260 518 4308 maior
534 4257 645 4306 insaniae
661 4255 811 4319 significatio
827 4257 918 4305 melius
958 4268 986 4304 ee
1007 4256 1081 4317 poue
1108 4256 1262 4304 cruciarerit
1287 4261 1363 4318 atque
1389 4258 1436 4304 trie.
1469 4255 1510 4304 De

368 4341 523 4396 conveniret,
545 4337 579 4396 si,
605 4337 648 4399 qui
669 4350 771 4383 servum
791 4336 826 4384 ite
847 4338 918 4399 puni-
959 4335 1126 4398 comparativo
1142 4340 1197 4398 post
1213 4335 1408 4398 comparativum
1424 4335 1510 4398 posito,

368 4422 455 4480 visset,
471 4418 588 4468 Labeone
605 4416 714 4464 insanior
725 4415 766 4463 vel
778 4415 809 4464 ab
820 4418 919 4464 trasonis
958 4428 1010 4464 non
1036 4421 1073 4462 est
1097 4429 1142 4462 car
1166 4415 1253 4463 dicem.
1279 4415 1336 4463 Ην.
1359 4414 1393 4464 V.
1410 4416 1450 4464 43.
1467 4418 1511 4479 qai

369 4502 497 4551 diceretur.
530 4498 613 4548 Maior
632 4496 732 4559 quidem
749 4495 840 4544 furoris
863 4511 918 4560 gra-
960 4496 1015 4543 alta
1031 4495 1095 4542 bella
1105 4493 1206 4557 fortias
1217 4508 1313 4557 semper
1323 4494 1511 4558 quamsetieias

369 4576 413 4631 das
429 4578 527 4630 ostendi
546 4570 598 4626 nori
618 4582 722 4641 poterat.
755 4575 796 4623 Ita
816 4575 919 4624 Persius
959 4575 1096 4639 resarserit.
1125 4633 1127 4637 Ι

371 4661 443 4712 eser.
461 4661 512 4710 III.
531 4659 587 4711 117.
604 4658 714 4719 deeque
723 4655 843 4719 facisque
854 4658 921 4718 qaod
993 4655 1118 4704 Porrecto
1134 4655 1220 4718 iaculo
1242 4655 1375 4712 historiae,
1398 4656 1514 4718 captia-as

370 4741 423 4804 ipse
448 4742 509 4791 Non
525 4739 582 4788 sani
598 4751 649 4787 esee
660 4737 769 4786 banebria
780 4749 920 4786 narsaeus
962 4740 1005 4792 at,
1023 4736 1106 4784 audit.
1142 4735 1260 4797 Perriqit
1282 4735 1410 4797 ironiam,
1426 4735 1469 4798 qui
1486 4748 1512 4782 se

1334 4815 1379 4878 3*
