3750 5759
783 663 967 727 LIBER
1013 663 1056 727 ΙΙ.
1420 667 1480 729 101

385 849 483 918 Ostia
505 850 567 914 sub
590 849 712 915 Tusci?
758 849 907 933 Laudas,
933 850 1063 934 insane,
1089 849 1249 917 trilibrem

384 952 547 1038 Mullum,
572 954 607 1019 in
631 954 764 1040 singula
788 977 885 1040 quem
908 955 1040 1020 minuas
1063 955 1236 1040 pulmenta
1259 977 1389 1022 necesse
1413 963 1471 1022 est.

386 1057 491 1123 Ducit
514 1064 547 1124 te
571 1057 712 1144 species,
737 1058 852 1124 video:
877 1081 941 1144 quo
965 1058 1108 1144 pertinet
1131 1080 1225 1144 ergo,

387 1161 542 1227 Proceros
567 1161 675 1227 odisse
698 1162 817 1248 lupos?
864 1161 950 1242 Quia
973 1161 1099 1227 scilicet
1122 1161 1190 1226 illis

385 1264 545 1331 Maiorem
568 1271 686 1332 natura
708 1266 845 1332 modum
870 1266 985 1349 dedit,
1011 1265 1064 1331 his
1090 1267 1186 1331 breve
1208 1266 1346 1351 pondus.

385 1369 521 1435 Ieiunus
544 1392 616 1435 raro
640 1371 828 1436 stomachus
852 1369 1004 1455 vulgaria
1029 1369 1157 1434 temnit.

388 1473 603 1557 „Porrectum
622 1496 744 1560 magno
765 1496 925 1560 maguum
948 1478 1095 1559 spectare
1120 1472 1229 1538 catino

388 1576 541 1661 „Vellem
549 1581 583 1662 ,“
607 1578 655 1643 ait
678 1578 837 1664 Harpyiis
858 1579 938 1664 gula
964 1577 1066 1663 digna
1090 1577 1271 1662 rapacibus.
1318 1577 1367 1642 At
1389 1600 1447 1642 vos

388 1680 600 1766 Praesentes,
623 1683 747 1767 austri,
774 1682 904 1769 coquite
924 1682 1042 1747 horum
1063 1680 1217 1767 opsonia!
1252 1680 1457 1766 Quamquam

388 1784 490 1850 Putet
508 1808 585 1872 aper
604 1787 827 1873 rhombusque
853 1808 984 1870 recens,
1013 1787 1102 1851 mala
1124 1786 1217 1871 copia
1239 1785 1369 1871 quando

337 1899 413 1963 piens
432 1898 555 1962 palatum,
576 1908 606 1949 ut
623 1901 757 1950 discrimen
773 1902 837 1950 inter
854 1916 893 1950 oo·
936 1915 1037 1949 versum
1059 1899 1159 1950 silentio
1181 1901 1358 1949 transmiserat.
1393 1898 1443 1948 Sed
1460 1899 1485 1947 in

339 1987 412 2028 ctum
420 1994 543 2043 pavonem
552 1988 577 2028 et
586 1981 705 2044 gallinam
715 1982 895 2041 sentias;nnde
936 1979 1019 2042 Epist.
1048 1980 1079 2028 ad
1108 1979 1193 2029 Pison.
1223 1995 1258 2028 vs.
1287 1979 1344 2030 337.
1373 1979 1486 2042 spurium

338 2065 426 2107 autem
443 2059 532 2120 sentis,
553 2058 626 2122 lupus
643 2058 684 2107 hic
700 2059 732 2108 sit
749 2061 895 2121 Tiberinus,
935 2058 1052 2118 eiicienti‚
1082 2059 1156 2108 huius
1181 2061 1206 2108 in
1232 2067 1340 2108 mentem
1365 2059 1486 2110 veniebat.

341 2152 376 2186 an
393 2137 420 2186 in
437 2138 488 2188 alto
504 2142 605 2202 captus?
638 2138 739 2201 Quanto
757 2140 845 2190 melius
861 2143 895 2190 'sit
935 2138 1003 2186 Tum
1029 2138 1113 2187 docuit
1138 2139 1279 2187 huiusmodi
1304 2137 1438 2187 sententias
1460 2138 1487 2186 in

342 2224 429 2267 autem
454 2233 530 2282 quam
555 2220 657 2277 ἀοίνοι,
685 2221 759 2269 tacite
785 2223 896 2284 agnoseit
935 2217 1006 2267 libris
1023 2218 1174 2278 trivialibus,
1197 2218 1240 2282 qui
1261 2219 1344 2282 pueris
1361 2218 1486 2282 praelege-

342 2298 485 2357 Bentleius,
501 2298 561 2346 dnm
579 2306 692 2348 annotat:
722 2301 813 2359 „Unde
837 2316 894 2350 con·
935 2296 1038 2356 bantur,
1060 2298 1169 2361 primum
1194 2299 1221 2346 ln
1245 2299 1359 2361 margine
1381 2297 1421 2346 vel
1443 2312 1488 2347 01⁹0

342 2392 440 2427 cessum
462 2377 521 2437 tibi,
541 2385 570 2427 ut
595 2379 733 2438 discernas,
759 2380 833 2443 lupus
854 2382 896 2430 hic
935 2378 1025 2426 codicis
1044 2385 1150 2436 notatas,
1166 2385 1251 2441 postea
1267 2378 1294 2425 in
1305 2384 1402 2426 textum
1413 2377 1487 2427 fuisse

344 2455 472 2506 fluviatilis
493 2457 526 2506 sit
546 2472 579 2505 an
604 2458 731 2508 marinus?
756 2469 847 2509 natura
872 2468 896 2510 et
935 2456 1078 2508 translatas.
1111 2457 1184 2506 Hane
1210 2457 1310 2521 quidem
1337 2457 1486 2505 sententiam

343 2544 433 2601 gustu,
450 2551 483 2584 sn
499 2552 578 2600 prava
589 2527 735 2601 opinioner‘
761 2539 831 2588 Dicit
840 2555 895 2590 core-
935 2545 1001 2587 recte
1018 2537 1169 2596 eliminavit,
1185 2552 1243 2585 nam
1261 2544 1285 2585 et
1302 2536 1420 2585 orationis
1432 2549 1486 2583 cur·

343 2631 439 2666 ceream
456 2619 516 2675 titi,
533 2632 584 2666 non
600 2632 740 2667 corrosorum
753 2621 800 2668 tibi
811 2621 895 2668 sentia
935 2634 991 2667 sum
1009 2618 1075 2667 male
1092 2616 1228 2679 intercipit,
1245 2629 1269 2664 et
1286 2616 1311 2663 in
1329 2616 1439 2677 ambigui
1451 2615 1487 2662 vi·

343 2697 402 2747 Non
419 2696 490 2745 facile
506 2697 896 2763 hiodntamexplieatur‚neque
935 2700 999 2747 tium
1024 2699 1126 2756 incidit,
1158 2713 1219 2745 roro
1244 2699 1342 2745 letemur
1370 2711 1402 2743 au
1427 2711 1487 2744 raro

343 2777 412 2825 aliud
438 2777 583 2841 requiritur,
611 2792 686 2840 quam
714 2781 780 2827 unde
806 2780 897 2839 omlis,
937 2780 1034 2827 recurrit.
1064 2778 1141 2826 Haud
1157 2775 1237 2824 multo
1253 2775 1339 2824 mehor
1358 2782 1395 2823 est
1412 2789 1486 2823 versu

342 2859 462 2920 quarrada
484 2859 571 2906 sentia
610 2857 647 2906 Ut
671 2856 712 2906 hio
736 2860 836 2917 dolum,
862 2859 897 2907 ita
936 2856 1048 2920 vulgari,
1066 2855 1224 2904 scholastico:
1245 2857 1427 2914 Quaererem
1445 2871 1486 2904 ca·

343 2937 466 2986 desinon
484 2936 553 2986 facile
570 2937 752 3001 explicatoris
768 2937 836 2987 Veli.
847 2938 895 2987 Pa·
935 2952 1007 2994 ram,
1024 2937 1122 2984 vilescit
1139 2935 1321 2996 quotidianum.

342 3023 404 3066 tere.
421 3016 457 3067 II.
475 3018 514 3069 57.
549 3018 588 3064 Et
604 3018 683 3065 libelli
698 3018 896 3067 coniurationem
968 3017 1107 3067 Annotatio
1118 3028 1216 3080 quoque
1228 3013 1333 3064 Acronis
1345 3020 1485 3077 suspectum

343 3099 499 3160 explicantes
514 3097 584 3154 dari,
609 3099 642 3144 ab
666 3112 694 3146 eo
718 3113 796 3160 meque
815 3100 896 3160 proti·
936 3095 1007 3144 facit:
1030 3097 1153 3154 „Ieiunas
1169 3110 1191 3142 r.
1231 3094 1300 3141 Rari
1320 3093 1401 3157 magis
1417 3095 1484 3157 lego.

343 3192 393 3225 aas
409 3177 468 3226 lecti
478 3182 560 3225 erant.
586 3176 703 3225 Fortasse
714 3175 827 3225 Velleius
838 3177 895 3225 seri·
935 3175 998 3225 Rari
1018 3174 1119 3224 honoris
1141 3174 1193 3222 eius
1210 3172 1330 3236 quidquid
1347 3188 1432 3222 rarum
1448 3180 1485 3222 est

344 3255 407 3319 psit:
426 3256 464 3303 Et
489 3257 568 3304 libelli
592 3257 790 3305 coniurationem
816 3258 895 3319 expli·
935 3255 1010 3318 eupit.
1044 3255 1120 3315 Inops
1143 3251 1194 3300 rari
1210 3250 1321 3313 cupidus.
1355 3250 1410 3299 Alii
1427 3266 1486 3301 rare

344 3340 430 3385 cantes
450 3336 547 3396 accepti
571 3337 603 3382 ob
627 3350 655 3384 co
678 3351 757 3397 neque
778 3337 897 3397 protinus
935 3332 1036 3396 legunt,
1058 3346 1115 3380 cum
1136 3332 1163 3378 in
1185 3343 1232 3377 usu
1249 3327 1383 3378 habeamus
1400 3335 1486 3380 ruro.“

344 3415 404 3463 lecti
415 3419 495 3462 mant.
513 3413 583 3462 Idem
595 3421 682 3463 narrat
694 3414 796 3465 Sueton.
808 3430 895 3478 quam·
936 3410 1067 3473 Scripsisse
1083 3409 1194 3457 videtur:
1213 3408 1338 3466 „Ieiunus
1357 3423 1378 3457 r.
1391 3423 1411 3457 s.
1428 3413 1487 3459 rari

344 3506 421 3557 quam
437 3491 468 3540 de
484 3505 535 3540 uno
544 3492 706 3557 libello,cap.
718 3495 758 3543 81.
798 3496 896 3553 Quinta
934 3491 1077 3538 stauracius
1103 3487 1169 3551 lego.
1204 3487 1263 3537 Cari
1286 3488 1391 3536 honores
1416 3486 1485 3548 eius,

338 3571 401 3636 sere
425 3573 487 3620 hera
509 3586 654 3634 propressus
678 3578 715 3623 ert
739 3573 897 3635 libellumque
935 3567 1056 3632 quidquid
1074 3582 1158 3615 rarum
1176 3571 1237 3616 est.“

345 3652 500 3701 insidiarum
516 3649 638 3712 indicem,
656 3656 687 3702 ab
704 3656 773 3702 obolo
788 3655 896 3716 quodum
968 3649 1064 3697 Notum
1082 3655 1118 3697 est
1134 3647 1307 3711 proverbium:
1326 3648 1354 3696 τὸ
1372 3643 1486 3697 σπάνιον

343 3736 502 3793 porrectam,
524 3732 613 3781 libellis
635 3734 740 3782 caeteris
760 3748 820 3795 quor
836 3734 896 3780 sini·
936 3731 1030 3794 τίμιον.
1064 3731 1094 3779 P.
1114 3729 1209 3794 Syrus:
1229 3732 1332 3778 Rarum
1347 3743 1399 3776 esse
1415 3743 1485 3790 opor·

345 3814 404 3858 stra
421 3825 498 3858 muna
515 3814 626 3870 tenebat,
648 3815 720 3874 quasi
741 3828 799 3860 mae
820 3813 895 3860 lecta·
937 3816 986 3867 tet,
1003 3812 1129 3872 quaudiu
1146 3825 1233 3860 carum
1250 3810 1318 3858 uelis.

346 3904 404 3949 rus,
435 3891 598 3939 commiscuit.
640 3889 769 3939 Plutarch.
796 3888 896 3939 Caesar.
970 3891 1051 3938 Patet
1062 3904 1125 3951 uper
1136 3891 1300 3950 rhombusque
1308 3901 1400 3936 recens.
1413 3884 1486 3936 Com-

346 3969 387 4018 65.
412 3966 555 4032 Δεξάμενος
567 3969 613 4018 οὖν
624 3967 638 4017 l
650 3973 752 4033 Καῖσαρ
764 3967 895 4031 (libellum)
936 3974 1071 4017 mentator:
1095 3967 1224 4031 „corrigit
1245 3981 1283 4025 se,
1308 3966 1379 4030 quasi
1395 3964 1488 4014 frustra

347 4047 497 4112 ἀναγνῶναι
517 4049 564 4110 μὲν
583 4047 633 4097 ὑπὸ
652 4047 770 4108 πλήθους
787 4050 839 4097 τῶν
855 4047 896 4095 ἐν·
936 4054 1034 4095 austros
1050 4047 1217 4103 invocaverit,
1234 4062 1290 4096 cum
1306 4046 1443 4095 luxuriosis
1455 4047 1488 4094 sit

347 4126 531 4191 τυγχανόντων
553 4126 682 4187 ἐκωλύθη,
704 4127 795 4191 καίπερ
818 4125 896 4190 ὁρμὴ·
936 4141 1036 4176 necesse
1052 4141 1109 4175 suas
1126 4133 1212 4189 putere
1232 4125 1319 4189 epulas
1337 4132 1411 4187 atque
1427 4125 1487 4174 deli-

347 4221 397 4262 σας
414 4203 552 4263 πολλάκις.
590 4207 641 4256 Dio
658 4206 727 4257 Casa.
746 4206 844 4255 XLIV.
858 4205 896 4255 18.
936 4206 984 4254 tias
1006 4206 1167 4270 quantumvis
1184 4207 1282 4269 sapidas
1299 4212 1399 4268 propter
1415 4205 1487 4253 satie·

348 4285 395 4334 rai
407 4283 516 4347 βιβλίον
534 4303 558 4333 τι
576 4285 636 4352 παρ’
656 4287 734 4336 αὐτοῦ
752 4284 852 4349 λαβὼν,
869 4285 898 4334 ἐν
936 4293 1013 4334 tatem
1031 4292 1055 4333 et
1068 4284 1232 4334 affluentiam:
1250 4291 1336 4346 putet,
1352 4286 1487 4333 contemni·

349 4361 371 4429 ᾦ
388 4361 479 4413 πάντα
496 4366 529 4412 τὰ
547 4366 614 4430 πρὸς
631 4367 680 4425 miv
696 4366 810 4414 trisemo
828 4382 896 4428 παρ·
937 4371 979 4412 tur
996 4370 1021 4413 et
1037 4364 1066 4411 lit
1079 4363 1160 4411 vil³.s.“
1177 4364 1211 4413 Et
1223 4365 1257 4412 sic
1270 4364 1485 4427 accepitluvenal.

349 4441 760 4510 εσκενασμέναἐνεγέγραπτο-σφὼ
772 4443 880 4509 ἀνέγνω.
938 4444 1013 4494 Satir.
1031 4443 1079 4492 XI.
1099 4443 1146 4493 120
1161 4458 1198 4506 sq.
1233 4447 1271 4493 At
1286 4459 1353 4493 nunc
1364 4446 1487 4495 dinitidat

383 4522 488 4572 Ieiunas
495 4538 555 4572 raro
563 4525 705 4573 stomachus
713 4523 830 4585 vulparia
839 4527 897 4570 lem·
938 4524 1059 4574 remeandi
1069 4525 1279 4588 nallaoolaptas,
1303 4525 1351 4574 Nil
1361 4526 1486 4586 rhombus,

350 4604 398 4652 nit.
431 4602 559 4652 Bentleius
580 4603 610 4652 de
626 4602 717 4666 spuriis
733 4602 838 4653 Horatio
854 4602 898 4650 ad·
938 4605 977 4652 nil
993 4605 1068 4653 darno
1084 4605 1166 4666 rapit:
1186 4610 1277 4667 putere
1292 4605 1411 4654 videntur
1432 4606 1484 4654 Un-

350 4683 417 4732 iectis
440 4698 527 4746 param
549 4683 673 4747 cogitavit.
707 4682 782 4732 Hunc
802 4696 900 4747 quoqne
939 4688 1045 4745 premia,
1067 4688 1143 4746 arque
1159 4699 1244 4744 rosae,
1263 4687 1327 4735 lotoe
1344 4685 1394 4734 niel
1409 4687 1483 4735 meri·
