3750 5759
815 711 998 776 LIBER
1044 713 1087 777 ll.

1451 717 1510 779 123

418 899 516 982 „Rex
535 900 644 964 sum.“
693 896 772 980 ,Nil
796 897 883 962 ultra
906 919 1024 982 quaero
1048 896 1229 982 plebeius.“
1278 900 1347 982 „Et
1375 923 1511 986 aequam

419 1004 505 1069 Rem
524 1001 696 1088 imperito:
717 1024 773 1085 ac,
796 1001 825 1066 si
846 1001 898 1066 cui
921 1001 1033 1067 videor
1054 1024 1120 1067 non
1142 1002 1265 1085 iustus,
1293 1004 1400 1070 inulto

420 1106 553 1190 Dicere,
577 1106 664 1192 quod
683 1105 805 1189 sentit,
826 1106 1018 1191 permitt0.“
1066 1106 1234 1189 „Maxime
1259 1130 1392 1192 regum,

420 1210 466 1275 Dt
489 1210 550 1275 tibi
572 1210 652 1275 dent
674 1215 771 1296 capta
794 1209 932 1275 classem
955 1210 1105 1275 reducere
1128 1210 1229 1275 Troia.

420 1314 510 1401 Ergo
532 1315 700 1380 consulere
722 1320 756 1379 et
778 1336 857 1379 mox
879 1315 1073 1399 respondere
1095 1314 1251 1380 licenter

421 1417 622 1500 „Oonsule.“
671 1417 761 1502 „Our
782 1417 888 1501 Aiax,
913 1418 1006 1482 heros
1030 1417 1071 1482 ab
1094 1417 1225 1483 Achille
1248 1419 1426 1503 secundus,

420 1521 584 1606 Putescit,
609 1522 707 1588 toties
732 1522 869 1587 servatis
893 1520 1000 1587 clarus
1023 1521 1177 1605 Achivis,

367 1697 445 1759 sequi
462 1697 541 1747 noluit
562 1699 656 1748 dicens:
679 1697 720 1750 Ne
740 1700 799 1748 velit
821 1701 923 1748 Aiacem

368 1779 433 1838 quia
449 1779 573 1837 lernaeae,
591 1779 700 1834 Atrida,
717 1783 786 1827 vetar
802 1780 863 1827 cur?

408 1858 485 1913 „Rea
499 1861 580 1908 rnm.“
607 1859 673 1916 „Nil
688 1858 761 1905 ultra
771 1872 863 1919 quaero
872 1858 924 1918 ple·

369 1938 468 1986 Μωρέ(
489 1940 545 1997 „Et
570 1953 675 2002 aequam
701 1938 766 1986 Rern
782 1937 922 2000 imperita.“

369 2017 524 2081 Lagentium
541 2018 603 2066 mihi
620 2018 729 2066 videtur:
747 2018 802 2076 „At
818 2031 922 2078 aequam

370 2097 440 2144 Rem
456 2098 597 2160 imperito.“
632 2097 660 2148 si
675 2104 703 2146 tu
720 2113 823 2160 repnum
840 2096 875 2143 ita
886 2095 921 2142 in-

369 2177 529 2238 terpretaris,
545 2186 574 2226 ut
590 2178 647 2237 tibi,
664 2177 784 2241 quidquid
800 2175 873 2233 velis,
885 2175 921 2223 iu-

370 2262 440 2304 stum
456 2257 590 2316 iniustum,
601 2257 681 2307 facere
691 2257 777 2315 liceat,
788 2264 869 2314 taceo,
880 2255 923 2317 qui

369 2334 421 2384 sim
438 2336 562 2400 plebeius,
578 2353 628 2386 non
644 2343 682 2387 est
693 2353 739 2387 cur
748 2338 827 2400 plura
838 2337 921 2397 laqua-

370 2431 444 2475 mnr,·
462 2417 493 2464 de
509 2431 551 2475 eo,
568 2417 633 2480 quod
650 2416 815 2479 interrogari,
826 2430 870 2463 cur
881 2430 921 2463 vc·

370 2499 410 2542 tes
427 2496 531 2544 Aiacem
548 2494 660 2558 sepeliri,
671 2511 720 2544 non
732 2495 838 2558 amplius
848 2510 921 2558 quae·

370 2587 440 2633 ram
458 2590 509 2624 nou
529 2576 670 2639 disputabo:
693 2582 730 2632 at,
747 2575 827 2637 inquit
851 2577 921 2638 Aga·

371 2668 504 2714 memnon,
519 2657 573 2705 iure
590 2657 668 2714 vetui,
687 2669 766 2718 neque
782 2663 819 2702 est
830 2669 875 2702 cur
885 2663 920 2704 ta·

969 1699 1051 1747 Traia.
1086 1698 1118 1746 In
1140 1696 1216 1747 MSS.
1239 1698 1362 1747 nonnullis
1385 1706 1421 1747 est
1437 1701 1511 1748 dedu

965 1793 1025 1826 cere.
1059 1777 1187 1826 Bentlcius
1204 1777 1250 1825 hoc
1267 1778 1383 1840 praefert,
1401 1794 1451 1827 non
1462 1794 1512 1827 me·

964 1858 1513 1923 trotimens,sedsententieevulgati.Quippe

964 1936 1037 1995 haec,
1055 1937 1100 1996 ait,
1124 1939 1150 1985 in
1174 1937 1241 1986 Asia
1266 1937 1392 1996 dicuntur,
1418 1939 1461 1986 ubi
1487 1942 1513 1989 in

963 2030 1024 2080 agro
1046 2017 1155 2066 Troiano
1177 2017 1313 2080 insepultus
1332 2019 1409 2066 iacuit
1429 2020 1513 2069 Aiax:

962 2097 1051 2145 &duci
1071 2097 1148 2159 igitur
1174 2097 1231 2145 inde
1254 2097 1339 2145 debuit
1363 2097 1460 2157 classis,
1486 2109 1514 2148 ut

962 2183 1048 2239 postea
1065 2176 1096 2223 ad
1114 2175 1242 2224 Graeciam
1260 2175 1430 2239 appellaretur.
1463 2181 1512 2228 Be-

963 2256 1021 2303 duci
1039 2269 1097 2303 vero
1114 2269 1169 2303 eam
1190 2269 1275 2303 rursus
1297 2256 1324 2303 in
1346 2257 1448 2316 Asiam,
1469 2261 1512 2323 qui

963 2334 1029 2382 Deos
1046 2345 1110 2395 oret,
1136 2335 1156 2383 is
1178 2351 1238 2384 sane
1258 2336 1351 2385 malam
1373 2346 1465 2400 pestem
1489 2347 1512 2388 et

962 2429 1082 2477 magnum
1091 2414 1255 2464 infortunium
1263 2417 1450 2479 Agamemnoni
1458 2432 1511 2481 pre·
1575 2405 1580 2415 ’

962 2504 1039 2543 catur.
1072 2497 1142 2544 Haec
1162 2496 1224 2544 mihi
1240 2510 1290 2543 non
1306 2502 1371 2544 reete
1388 2496 1512 2559 disputata

962 2590 1015 2624 esse
1024 2577 1146 2624 ridentur.
1175 2575 1281 2632 Classis,
1292 2583 1365 2639 puto,
1377 2579 1510 2627 deducitur

962 2670 993 2702 ex
1010 2655 1095 2715 litore,
1112 2657 1137 2704 in
1155 2671 1203 2718 quo
1224 2663 1286 2715 stat,
1307 2657 1333 2703 in
1354 2671 1429 2705 mare.
1463 2659 1509 2707 Est

370 2748 435 2784 ceas.
470 2735 498 2786 Si
514 2750 565 2784 non
581 2736 634 2785 iure
651 2736 757 2784 vetuisse
767 2735 813 2783 tibi
824 2736 921 2794 videor,
962 2734 1024 2782 illud
1040 2736 1194 2798 praeparatio
1219 2735 1260 2783 rel
1285 2735 1383 2782 initium
1408 2736 1511 2787 itineris.

371 2829 475 2878 quaere,
501 2817 553 2876 dic,
579 2817 644 2880 quod
669 2817 752 2864 sentis.
791 2817 921 2865 Bentlcius
963 2815 1029 2876 Quot
1045 2815 1111 2863 mala
1128 2815 1220 2863 interea
1231 2821 1333 2876 possunt
1344 2815 1464 2873 accidere,
1483 2824 1521 2864 ut'

370 2896 480 2958 praefert
496 2911 528 2945 ex
545 2896 623 2946 Mss.
640 2896 921 2960 quaere,uthaecquo·
962 2894 1148 2957 Agamemnoni
1168 2894 1321 2952 aeciderunt,
1346 2894 1414 2955 prius
1436 2908 1511 2956 quam

370 2989 420 3037 que
440 2977 491 3024 sint
511 2975 587 3024 verba
602 2976 808 3038 Agamemnonis.
842 2977 921 3024 Hora·
941 2948 943 3041 1
962 2975 1046 3024 elassis
1063 2977 1095 3024 sit
1111 2979 1229 3026 reducta!
1264 2974 1314 3035 Qui
1331 2975 1397 3023 Deos
1409 2982 1471 3034 orat,
1483 2983 1511 3024 ut

371 3053 421 3103 tius
438 3055 583 3103 varietatem
600 3055 795 3118 inDialogismo
806 3063 921 3104 sectatur.
941 3090 943 3117 ,
962 3057 1022 3102 dent
1042 3058 1172 3112 reducere,
1192 3055 1248 3119 plus
1270 3061 1349 3117 optat,
1371 3070 1445 3118 quam
1467 3057 1510 3119 qui

371 3133 445 3183 Hanc
461 3148 520 3197 ego,
536 3134 585 3182 nisi
600 3133 673 3197 plano
689 3149 788 3182 neeesse
804 3136 844 3193 sit,
854 3135 921 3183 haud
962 3135 1089 3184 deducere.
1124 3135 1174 3196 Qui
1198 3135 1302 3184 classem
1328 3141 1406 3196 capta
1433 3137 1510 3185 Troia

372 3214 493 3265 minuam.
528 3215 661 3263 Praeterea
682 3215 766 3263 dubito
787 3230 820 3262 an
843 3216 869 3263 in
892 3229 921 3264 eo
963 3215 1072 3274 reducit,
1089 3216 1183 3264 reducit
1201 3217 1272 3274 inde,
1284 3230 1333 3279 quo
1345 3217 1509 3265 anteaduxit.

371 3292 454 3343 simile
469 3294 610 3342 inveniatur
626 3293 768 3356 exemplum
785 3294 866 3343 brevis
879 3310 920 3343 vo·
941 3270 943 3351 i
962 3291 1043 3341 Nemo
1059 3294 1152 3357 cogitat
1168 3296 1197 3342 de
1214 3297 1353 3344 reducenda
1365 3295 1466 3343 Troiam
1478 3311 1511 3344 ex

370 3371 445 3432 calis,
471 3373 592 3436 positione
619 3373 694 3421 debili
720 3374 755 3421 sic
780 3375 920 3437 productae.
941 3364 943 3383 '
964 3371 1078 3430 Graecia,
1097 3387 1243 3433 nemonon,
1263 3387 1296 3420 ex
1308 3374 1384 3421 Troia
1394 3374 1420 3420 in
1433 3374 1510 3423 Grae-

370 3452 459 3517 Neque
481 3453 508 3501 in
530 3453 688 3502 annotatione
708 3454 869 3516 Lennepiana
889 3456 921 3503 ad
962 3450 1032 3498 ciam.
1066 3452 1101 3499 Et
1125 3453 1146 3499 si
1173 3454 1250 3501 Troia
1275 3460 1338 3500 esset
1362 3460 1443 3515 capta,
1466 3469 1510 3501 cur

372 3532 473 3583 Terent.
484 3535 613 3583 Maurum.
624 3550 649 3597 p.
660 3534 716 3583 411.
728 3533 920 3591 accuratissime,
962 3528 1139 3592 Agamemnon
1155 3531 1259 3579 classem
1276 3532 1303 3578 in
1320 3547 1409 3594 agrum
1423 3534 1510 3582 Troia-

372 3619 431 3662 uta
456 3615 599 3677 Lennepio,
622 3613 724 3675 scripta,
750 3612 846 3671 inveni,
872 3628 921 3677 quo
962 3624 1023 3658 num
1040 3610 1180 3660 reduceret?
1215 3610 1242 3661 Si
1258 3613 1422 3661 necessarium
1439 3621 1510 3671 esset,
1568 3618 1574 3628 '

370 3709 462 3762 qnam
479 3697 591 3758 plebeim
606 3694 666 3742 satis
683 3691 835 3741 defendatur.
868 3695 920 3743 Lu·
961 3696 1038 3753 capta
1059 3691 1136 3738 Troia
1152 3690 1272 3754 explicari
1288 3699 1384 3755 poterat
1395 3695 1511 3743 reducere

370 3774 439 3823 cretii
455 3774 577 3825 111818.
612 3775 790 3835 Exspiratque
799 3773 877 3836 seraa
893 3776 920 3822 in
965 3771 1055 3829 Troia,
1073 3770 1104 3819 ab
1126 3772 1203 3821 Troia
1224 3779 1302 3836 capta.
1335 3773 1371 3822 Ut
1391 3773 1509 3824 Horatius

371 3860 461 3917 aperta
478 3860 627 3918 premiaque
647 3853 723 3910 coeta-
749 3850 844 3900 Catulli
870 3851 918 3901 IV.
961 3850 1065 3898 classem
1082 3852 1210 3911 reducere,
1227 3853 1263 3900 ita
1277 3853 1382 3902 Plautus
1393 3855 1509 3904 Bacchid.

373 3934 410 3984 10.
426 3940 453 3984 et
469 3935 562 3982 altinati
580 3934 735 3988 Britannia,
757 3940 781 3980 et
803 3947 866 3995 quac
883 3934 919 3980 in·
961 3928 1009 3978 IV.
1019 3944 1056 3979 rx.
1069 3932 1269 3982 147.eaerct'tum
1279 3935 1402 3984 reducere.
1430 3935 1510 3998 Chry-

371 4004 490 4063 finita'ex
507 4012 613 4063 Comicis
630 4013 688 4060 addi
704 4018 814 4075 possent,
826 4026 876 4060 non
888 4014 919 4060 ad
961 4006 1028 4055 salus
1046 4008 1079 4056 ibi
1091 4009 1173 4058 iocans
1186 4009 1278 4058 factum
1289 4025 1364 4059 suum
1375 4026 1432 4059 eum
1446 4015 1508 4061 Per·

371 4093 503 4143 Horatium
520 4092 600 4141 facere
616 4092 727 4141 arbitror.
960 4095 1139 4150 aamocastato
1150 4097 1288 4152 comparat:
1307 4092 1397 4139 Salute
1408 4098 1509 4149 nostru,

403 4173 555 4224 Doderlinus
572 4173 645 4235 legit:
663 4169 711 4221 Nil
728 4173 800 4220 ultra
816 4186 921 4233 quaeres
961 4173 1037 4230 atque
1060 4173 1121 4219 urle
1141 4177 1217 4234 capta
1236 4187 1283 4233 per
1300 4173 1383 4220 delum
1401 4171 1509 4220 Domum

367 4255 483 4314 plebeius.
518 4251 604 4302 Oratio
613 4250 651 4298 illi
662 4251 761 4298 videtur
771 4251 852 4313 magis
863 4265 919 4300 con·
961 4251 1050 4300 reduco
1078 4252 1205 4311 inteqrum
1241 4264 1336 4298 omnem
1362 4252 1508 4299 exercitum.

370 4334 453 4383 venire
470 4330 657 4394 Agamemnoni
678 4329 741 4392 regi,
756 4329 919 4379 obedientiam
960 4328 1031 4376 Idem
1048 4328 1075 4376 in
1091 4327 1219 4390 Amphitr.
1237 4328 1257 4376 1.
1275 4340 1294 4376 1.
1311 4327 1351 4375 52.
1386 4328 1428 4385 Si,
1446 4344 1510 4390 quae

370 4415 453 4463 emina
478 4410 600 4476 poscenti,
626 4423 730 4472 quaeres
755 4408 842 4456 fortius
866 4424 919 4458 osse
961 4414 1146 4471 asportassent,
1164 4408 1308 4463 redderent,
1322 4422 1356 4455 se
1371 4410 1509 4457 erendum

369 4508 444 4557 quam
461 4507 564 4556 queue,
585 4503 666 4552 neque
682 4488 797 4536 ultimam
814 4489 916 4551 impera·
960 4488 1083 4549 extemplo
1099 4488 1198 4534 domurn
1228 4487 1415 4543 Reduetnrmn,
1426 4488 1507 4536 abitu

370 4573 415 4622 tivi
432 4587 476 4637 per
492 4572 568 4620 talem
585 4569 742 4633 positionem,
761 4576 845 4617 mutae
862 4583 917 4618 cum
961 4582 1001 4615 ros
1018 4582 1077 4628 apro
1096 4567 1207 4626 Arpinas.
1241 4564 1278 4613 At
1295 4565 1322 4612 in
1338 4580 1375 4613 vs.
1392 4566 1509 4616 60.reete

372 4652 479 4717 liquida,
496 4659 563 4700 reete
580 4648 689 4712 produci.
960 4647 1063 4710 legitur:
1076 4644 1211 4694 exereitum
1225 4645 1384 4701 deducerent,
1397 4646 1454 4708 quia
1466 4646 1508 4695 ho-

403 4733 442 4784 Dr
460 4734 506 4783 tibi
523 4733 581 4780 dent
599 4734 675 4792 capta
686 4730 790 4778 classem
801 4730 918 4778 reducere
959 4736 1007 4776 stes
1024 4727 1165 4789 loquuntur.
