3750 5759
392 666 455 728 160
521 669 525 686 '
786 662 1130 729 SATIRARUM

435 855 534 921 Esset
555 855 634 920 ador
655 855 852 940 loliumque,
878 855 972 940 dapis
996 854 1131 920 meliora
1153 853 1350 940 relinquens.

434 962 576 1027 Tandem
589 962 731 1026 urbanus
747 960 789 1025 ad
803 961 908 1026 huno:
921 959 1032 1043 „Quid
1049 965 1082 1025 te
1092 959 1183 1025 iurat
1192 961 1226 1042 ‚“
1243 958 1364 1045 inquit,
1383 955 1519 1042 „amice

435 1063 605 1149 Praerupti
630 1063 772 1130 nemoris
794 1064 977 1149 patientem
1001 1062 1109 1129 vivere
1132 1062 1247 1128 dorso?

433 1167 493 1233 Vis
518 1173 555 1233 tu
577 1167 726 1232 homines
749 1167 927 1252 urbemque
950 1166 1027 1232 feris
1050 1186 1247 1251 praeponere
1270 1163 1386 1230 silvis?

435 1271 538 1357 Carpe
560 1270 667 1352 viam,
691 1269 907 1352 mihicrede,
932 1291 1058 1353 comes,
1083 1269 1249 1335 terrestria
1272 1267 1404 1355 quando

432 1375 587 1441 Mortales
611 1374 737 1439 animas
760 1373 878 1439 vivunt
900 1369 1036 1458 sortita,
1061 1395 1165 1458 neque
1187 1373 1257 1438 ulla
1280 1378 1332 1438 est

431 1480 502 1546 Aut
524 1502 644 1566 magno
667 1485 725 1545 aut
746 1501 846 1565 parvo
868 1479 927 1545 leti
950 1480 1038 1565 fuga
1088 1479 1176 1563 Quo,
1201 1480 1300 1562 bone,
1326 1477 1427 1561 eirea,

430 1583 520 1648 Dum
542 1583 636 1666 lieet,
660 1583 696 1647 in
719 1583 815 1649 rebus
837 1583 990 1648 iucundis
1014 1584 1087 1649 vive
1110 1584 1244 1665 beatus,

429 1687 513 1779 Vive
535 1709 674 1770 memor,
698 1708 797 1772 quam
821 1686 866 1752 sis
889 1687 961 1752 aevi
984 1685 1090 1752 brevis
1100 1686 1132 1751 l“
1179 1685 1270 1751 Haeo
1293 1686 1350 1752 ubi
1375 1687 1466 1753 dicta

428 1792 603 1877 Agrestem
625 1791 791 1876 pepulere,
816 1791 913 1856 domo
936 1791 1018 1857 levis
1042 1791 1172 1870 exsilit3
1197 1792 1274 1857 inde

426 1895 535 1960 Ambo
557 1894 761 1981 propositum
783 1901 946 1981 peragunt
970 1895 1042 1978 iter,
1065 1896 1154 1961 urbis
1178 1902 1312 1962 aventes

427 1999 559 2065 Moenia
581 1998 732 2064 nocturni
755 1999 934 2084 subrepere.
983 2000 1117 2086 Iamque
1141 2000 1273 2065 tenebat

427 2102 502 2166 Nox
524 2100 670 2166 medium
693 2100 774 2167 coeli
798 2101 960 2187 spatium,
985 2124 1087 2186 quum
1108 2102 1204 2188 ponit
1226 2111 1362 2189 uterque

426 2205 466 2269 In
490 2204 652 2289 locuplete
676 2204 773 2269 domo
796 2204 955 2290 vestigia,
979 2206 1076 2270 rubro
1097 2205 1157 2270 ubi
1180 2227 1273 2272 cocco

425 2307 540 2373 Tincta
564 2329 660 2393 super
682 2307 783 2373 lectos
808 2308 961 2374 canderet
983 2309 1084 2374 vestis
1108 2309 1270 2393 eburnos,

423 2411 594 2496 Multaque
617 2411 656 2477 de
678 2433 800 2497 magna
823 2418 1029 2497 superessent
1049 2411 1171 2478 fereula
1194 2434 1310 2497 coena,

423 2513 512 2594 Quae
534 2514 648 2600 procul
671 2516 845 2580 exstructis
869 2515 999 2581 inerant
1020 2516 1173 2581 hesterna
1195 2515 1355 2582 canistris,

422 2616 511 2703 Ergo
532 2618 591 2683 ubi
612 2641 775 2705 purpurea
795 2625 980 2705 porrectum
1002 2620 1038 2684 in
1061 2624 1151 2685 veste
1173 2620 1294 2686 locavit

420 2720 612 2806 Agrestem,
636 2722 740 2788 veluti
761 2722 944 2788 succinctus
968 2721 1105 2788 cursitat
1127 2722 1245 2808 hospes

420 2824 664 2912 Continuatque
687 2827 806 2912 dapes,
830 2848 957 2892 necnon
979 2825 1147 2893 verniliter
1167 2827 1249 2913 ipsis

411 3027 495 3089 Carpe
517 3029 598 3085 viam,
625 3028 689 3074 111111
720 3029 803 3084 crede,
833 3042 918 3076 eonas.
958 3029 994 3076 nit
1017 3043 1074 3077 cum
1098 3027 1186 3076 comite
1207 3038 1253 3072 suo
1268 3022 1374 3084 tertiata
1390 3021 1419 3068 ia
1435 3022 1505 3070 111111

375 3106 496 3154 Hortatus
521 3112 574 3153 1111
594 3104 729 3167 hospitem,
753 3111 782 3153 ut
808 3105 918 3155 homines
959 3110 1085 3170 locuplete.
1110 3107 1172 3155 Inde
1184 3104 1247 3152 redit
1258 3105 1285 3151 ta
1295 3103 1387 3150 siluam
1404 3115 1503 3149 ravam·

375 3193 401 3233 11
416 3184 503 3233 urbem
524 3184 581 3232 feris
602 3184 672 3233 silvis
689 3191 857 3248 praeponeret.
891 3186 918 3245 Ι,
958 3202 1011 3249 qae.
1044 3186 1111 3236 Hinc
1132 3185 1233 3242 melius,
1258 3187 1331 3244 puto,
1351 3193 1420 3227 nuuc
1445 3194 1504 3230 aava

375 3279 479 3325 mecum,
497 3264 544 3324 ait;
561 3263 622 3312 mihi
643 3264 721 3312 erede.
755 3263 821 3325 Quid
837 3266 918 3313 crede·
959 3268 1019 3316 leuis
1041 3269 1134 3316 exsilit.
1167 3265 1246 3314 Recte
1275 3260 1383 3310 rusticus
1408 3273 1445 3308 vs.
1462 3259 1502 3307 88.

372 3347 431 3393 ret?
464 3345 540 3394 Haud
557 3342 628 3391 facile
644 3345 705 3392 satis
726 3358 759 3392 ex
775 3345 918 3394 anteceden-
958 3345 1096 3409 appellatur
1121 3350 1197 3408 pater
1213 3345 1311 3399 1111111,
1328 3339 1389 3403 quis
1405 3338 1440 3387 ibi
1456 3353 1502 3388 nec

374 3424 439 3473 tibus
464 3424 584 3482 efficitur,
608 3425 687 3472 citam
715 3427 839 3473 arbanam
866 3440 918 3475 ease
956 3426 1070 3489 pauperis
1096 3426 1183 3473 domus
1210 3437 1257 3471 nec
1283 3419 1413 3483 locupletis
1438 3420 1502 3468 ratio

374 3505 505 3553 meliorem.
538 3505 627 3567 Neque
648 3511 713 3552 recte
733 3504 764 3552 ad
789 3506 917 3568 sequentia
957 3505 1070 3556 habetur.

374 3582 473 3632 referas.
506 3584 572 3632 Nam
595 3583 629 3631 ibi
649 3585 728 3633 oratio
748 3585 915 3634 concluditur:
991 3587 1084 3635 Tincta
1099 3601 1175 3648 saper
1196 3585 1268 3633 lectos
1289 3581 1407 3629 euaderet
1426 3580 1501 3629 uestis

374 3662 499 3726 quocirca,
515 3663 575 3710 dum
585 3661 651 3720 licet,
666 3663 723 3711 vive
734 3663 827 3711 beatus.
845 3664 916 3712 Mitt
955 3667 1068 3714 eburnos.
1101 3662 1193 3713 Omnia
1213 3663 1277 3720 fere,
1293 3661 1359 3708 unde
1383 3659 1500 3722 splendor

373 3744 445 3790 erede
461 3741 585 3804 significat
601 3744 670 3790 crede
683 3757 771 3790 rerum
787 3743 915 3806 essequod
956 3743 1056 3807 quidam
1072 3744 1143 3802 redit,
1155 3745 1268 3791 suadeat.
1294 3739 1329 3787 Et
1345 3737 1413 3786 oolor
1429 3739 1501 3786 aldus

375 3821 428 3868 dixi
454 3821 494 3869 vel
519 3821 628 3869 dicturus
651 3836 715 3870 sum.
759 3821 831 3883 Quod
855 3838 915 3871 non·
956 3823 1032 3886 vulgo
1057 3822 1130 3871 habet
1155 3821 1248 3884 aliquid
1272 3817 1403 3882 splendidi.
1438 3819 1499 3866 Fer·

374 3899 440 3947 nulli
447 3898 562 3962 supplent
571 3901 642 3948 crede
651 3906 675 3948 te
687 3902 839 3958 oretanae
849 3902 915 3960 fidei,
956 3920 1013 3952 ram
1030 3904 1056 3951 in
1072 3902 1183 3950 maximo
1200 3902 1302 3959 ardore,
1319 3900 1418 3948 11111111.
1435 3896 1498 3958 Quis

374 3978 460 4027 dubito
484 3993 517 4025 au
533 3992 668 4041 pronomen
693 3977 754 4026 bene
778 3980 913 4031 omittatur.
955 3997 1005 4031 non
1022 3982 1169 4045 explicavit?
1194 3981 1274 4039 Unus,
1290 3993 1323 4027 ex
1338 3977 1497 4038 1111111111-

374 4059 423 4118 Ita,
447 4063 519 4120 puto,
544 4057 662 4105 Horatius
687 4056 800 4105 dixisset:
832 4059 916 4121 Carpe
955 4063 1020 4111 ficiet
1032 4061 1182 4113 Oudendsd
1191 4059 1286 4124 Appul.
1296 4057 1399 4106 Metam.
1407 4057 1497 4120 11236.

373 4141 453 4196 atara,
471 4144 495 4186 te
511 4140 582 4187 erede
598 4140 668 4187 111111.
699 4138 816 4187 Fortasse
831 4139 914 4203 legen·
954 4145 1003 4193 Hic
1028 4147 1158 4200 canderet,
1180 4143 1218 4190 ita
1243 4155 1299 4189 cum
1328 4140 1405 4186 rubro
1429 4153 1498 4187 cocao

373 4218 446 4264 dum:
466 4215 550 4279 Carpe
566 4218 645 4277 viane,
657 4216 719 4266 milri
736 4233 811 4282 carpe
827 4235 912 4269 eomes.
953 4223 1072 4283 iunctum,
1089 4222 1152 4270 mihi
1167 4219 1284 4285 displicet.
1307 4217 1435 4275 Horatius,
1451 4231 1496 4280 pu·

373 4295 455 4358 Carpe
476 4296 557 4354 viam,
581 4297 634 4344 dux
657 4296 700 4344 tibi
723 4311 778 4355 ero,
794 4312 834 4346 me
851 4298 912 4349 duce
953 4309 990 4360 to,
1008 4302 1117 4366 scripsit:
1139 4303 1248 4351 arderet.
1264 4297 1358 4360 Virgil.
1371 4297 1438 4346 Aen.
1447 4295 1496 4346 IV.

371 4381 439 4424 tutus
456 4376 488 4422 ad
504 4382 600 4424 tantam
617 4375 760 4425 felicitatem
776 4379 911 4440 pervenies.
952 4382 1009 4432 262.
1029 4385 1154 4446 Tyriaque
1174 4381 1279 4430 ardebat
1298 4375 1393 4426 mariae
1415 4379 1496 4426 laena.

372 4456 473 4503 Sitate
492 4456 911 4520 11111111111111111111111111,
987 4462 1172 4524 continuatque
1197 4461 1280 4522 dapes.
1313 4457 1357 4506 Ex
1380 4457 1496 4520 opinione

368 4536 435 4583 aives
452 4549 559 4592 mecam,
580 4541 609 4583 ut
624 4541 662 4583 est
679 4533 705 4582 in
721 4535 808 4584 Plauti
825 4538 909 4588 Persa.
951 4542 1126 4605 interpretum:
1154 4541 1221 4589 alias
1240 4543 1299 4601 past
1326 4538 1393 4586 alias
1421 4539 1497 4613 dapes

400 4613 482 4661 Domo
499 4615 558 4662 levis
575 4616 669 4664 exsilit.
702 4614 819 4664 Rusticus
837 4616 909 4665 urba·
951 4622 1036 4684 affert.
1069 4620 1164 4669 Dubito
1181 4633 1214 4667 an
1235 4616 1275 4665 hic
1295 4616 1354 4664 satis
1375 4616 1496 4667 Latinum

367 4704 428 4738 num
445 4698 573 4754 exceperat
581 4709 694 4757 paupere
707 4711 780 4746 eaeo:
797 4710 909 4759 moxpo·
950 4701 990 4750 sit.
1029 4701 1170 4752 Continuat
1193 4699 1285 4762 dapes,
1309 4696 1353 4760 qui
1378 4697 1496 4747 1111111111
