3750 5759
795 672 976 737 LIBER
1023 674 1064 738 ll.

406 858 451 925 Et
471 881 553 946 quae
575 860 619 925 sit
642 867 759 926 natura
781 861 859 925 boni
880 883 1109 947 summumque
1131 862 1210 946 quid
1235 862 1313 927 eius.

405 963 540 1029 Cervius
565 964 643 1030 haec
666 965 750 1030 inter
767 964 894 1030 vicinus
916 965 1019 1050 garrit
1043 965 1146 1031 aniles

406 1067 458 1130 Ex
480 1090 515 1134 re
537 1067 684 1133 fabellas.
734 1068 769 1134 Si
792 1068 865 1154 quis
890 1090 968 1133 narn
990 1068 1104 1133 laudat
1127 1069 1231 1134 Arelli

407 1170 573 1237 Sollicitas
598 1171 733 1256 ignarus
757 1193 853 1257 opes,
878 1172 925 1236 sic
950 1171 1085 1257 incipit:
1110 1171 1224 1255 „Olim

406 1275 562 1341 Rusticus
587 1276 748 1340 urbanum
772 1298 898 1341 murem
921 1298 995 1341 mus
1019 1298 1159 1361 paupere
1182 1276 1285 1342 fertur

405 1379 580 1463 Accepisse
603 1401 700 1462 aava,
725 1384 868 1445 veterem
891 1387 985 1445 vetus
1009 1379 1126 1464 hospes
1150 1379 1310 1463 amicum,

405 1483 512 1568 Asper
536 1489 569 1549 el
592 1489 739 1549 attentus
764 1483 939 1569 quaesitis,
964 1488 1003 1549 ut
1026 1489 1136 1549 tamen
1160 1490 1268 1549 artum

408 1586 554 1652 Solveret
576 1587 730 1673 hospitiis
755 1588 912 1653 animum.
961 1586 1048 1666 Quid
1070 1588 1197 1653 multa?
1227 1610 1331 1674 neque
1353 1587 1411 1652 ille

408 1690 551 1777 Sepositi
576 1692 687 1758 ciceris
713 1714 771 1757 nec
794 1693 913 1777 longae
936 1691 1057 1756 invidit
1080 1714 1214 1758 avenae:

407 1795 547 1860 Aridum
570 1802 604 1862 et
627 1818 681 1861 ore
704 1797 811 1862 ferens
835 1796 967 1861 acinum
991 1817 1179 1882 semesaque
1201 1796 1285 1861 lardi

407 1897 529 1964 Frusta
552 1900 658 1984 dedit,
683 1901 817 1986 cupiens
842 1900 933 1965 varia
956 1899 1091 1965 fastidia
1113 1922 1213 1966 coena

407 2001 545 2068 Vincere
568 2005 736 2090 tangentis
760 2006 846 2071 male
869 2005 1002 2090 singula
1025 2005 1121 2070 dente
1145 2006 1291 2090 superbo.

409 2104 519 2184 Quum
540 2113 633 2193 pater
656 2110 726 2195 ipse
749 2110 865 2175 domus
889 2109 984 2194 palea
1006 2113 1171 2193 porrectus
1196 2109 1230 2172 in
1254 2109 1356 2173 horna¹

363 2245 604 2308 Eductamfurtim,
612 2261 668 2295 cum
676 2248 705 2294 in
714 2248 818 2296 latebris
823 2247 909 2310 proni·
950 2245 1131 2293 enarrationem
1141 2245 1176 2292 ita
1186 2245 1322 2294 concludit:
1338 2247 1496 2308 Hunafinem

429 2340 498 2372 mum
944 2325 1040 2386 fabula
1057 2327 1157 2387 accipit.
1190 2325 1253 2382 His,
1273 2326 1359 2385 credo,
1376 2325 1497 2374 nonnulla

366 2406 445 2466 Apud
460 2405 569 2452 uminum
585 2407 699 2464 haberet,
714 2409 782 2456 nullo
799 2408 894 2457 conada
951 2404 1091 2461 subiunxit,
1108 2404 1139 2451 ad
1156 2403 1233 2454 istum
1249 2406 1300 2454 fere
1317 2406 1431 2465 modum,
1448 2420 1498 2469 quo

368 2484 478 2531 dandae
507 2498 587 2532 :aum
619 2485 725 2533 habebat
753 2486 796 2533 hoe
823 2486 908 2532 moda:
951 2482 1056 2531 Plautus
1081 2482 1208 2545 praefatur
1233 2485 1379 2534 Asinariac:
1406 2488 1498 2544 Nunc,

431 2563 529 2610 domum
951 2564 1017 2624 quod
1038 2578 1076 2610 me
1097 2563 1152 2609 disi
1172 2565 1235 2611 aelle
1254 2566 1322 2612 uobis
1343 2567 1434 2623 dicae,
1454 2564 1497 2613 Di-

367 2643 443 2690 Inter
459 2643 548 2690 mariti
564 2643 687 2705 vicinique
700 2643 837 2704 parietem,
952 2654 1024 2688 tant:
1044 2641 1116 2688 Huic
1132 2655 1220 2689 nonten
1235 2643 1332 2690 Graece
1347 2649 1385 2691 eat
1399 2645 1498 2706 Onnpoa

370 2718 790 2783 Qntfueratmeatm,perjoau;
813 2722 912 2783 ipsein
946 2720 1060 2781 fabulae.
1094 2721 1261 2781 Demophilus
1282 2722 1398 2783 scripsit,
1424 2722 1498 2769 Mar-

432 2802 549 2854 transitn
953 2812 996 2846 cua
1006 2800 1084 2846 vortit
1097 2801 1210 2848 barbare.
1223 2801 1369 2848 Asinariam
1378 2803 1429 2848 uolt
1437 2815 1499 2861 cate,

368 2882 461 2930 locum
478 2887 508 2928 ul
523 2882 914 2938 :amumeaaerimularehbunc
953 2880 1039 2941 siper
1055 2894 1097 2927 aaa
1114 2881 1177 2928 lieet:
1207 2880 1278 2928 Inest
1296 2881 1362 2942 lepos
1379 2881 1500 2943 ludusque

433 2962 572 3009 transitum
954 2959 982 3005 in
1007 2961 1053 3007 hac
1072 2958 1212 3008 Cauioedia.
1247 2959 1368 3007 Ridicula
1392 2973 1432 3007 rea
1452 2965 1498 3008 est.

368 3040 451 3088 Sertis
468 3039 544 3104 felici
567 3045 592 3089 et
609 3039 705 3102 fronde
728 3040 850 3095 intendit,
875 3044 913 3086 al·
957 3039 1027 3085 Date
1048 3039 1149 3100 benique
1170 3053 1270 3099 operam
1293 3039 1369 3097 mibi,
1402 3039 1439 3086 Ut
1459 3053 1500 3086 aaa

433 3135 480 3182 que
495 3121 535 3167 ita
954 3119 1014 3165 ilem
1031 3118 1110 3175 alias,
1125 3119 1225 3178 pariter
1241 3133 1316 3173 nunc,
1336 3119 1412 3165 Mars
1429 3119 1499 3165 adiu·

369 3199 494 3246 Divinam
508 3199 612 3262 sacient
629 3213 682 3246 rem
704 3199 738 3246 ad
755 3213 781 3247 :e
794 3198 914 3260 cirpinem
954 3201 1001 3244 net.
1034 3195 1105 3244 Idem
1130 3194 1157 3243 in
1182 3194 1274 3245 Casina
1295 3195 1406 3260 explicat
1426 3211 1501 3259 argu·

433 3283 525 3326 motat.
955 3281 1066 3322 mentam
1084 3272 1232 3324 Comoediae
1249 3276 1361 3338 Diphili,
1378 3291 1442 3338 quae
1458 3290 1501 3338 ap-

370 3357 516 3404 Adoleacens
531 3357 719 3405 animaduertit.
753 3358 844 3404 Primo
865 3357 916 3404 alr-
954 3353 1093 3415 pellabatur
1112 3353 1283 3411 Clerumerwe‚
1301 3354 1366 3402 unde
1383 3355 1440 3403 fecit
1453 3355 1501 3403 Ca·

433 3435 501 3496 pinis
955 3435 1045 3481 einum.
1078 3432 1237 3495 Argumenta
1262 3433 1395 3496 explicato,
1418 3435 1500 3482 addit:

370 3514 500 3576 Adspeclu
515 3516 652 3576 pulchrae,
669 3514 708 3562 uti
723 3515 854 3574 perculsus
870 3528 915 3560 nn·
957 3514 1028 3560 Hine
1052 3513 1229 3562 adolescentem
1252 3528 1353 3574 perepre
1378 3515 1502 3575 ablepaoit

435 3595 510 3641 arinis
954 3596 1037 3652 pater.
1074 3593 1160 3640 Sciens
1180 3592 1232 3639 eius
1250 3597 1330 3639 ntaler
1346 3595 1370 3642 ei
1386 3594 1432 3640 dat
1448 3607 1503 3655 ope-

374 3674 445 3730 Viau,
456 3673 625 3731 exhorrescit:
639 3673 705 3721 unde
712 3671 917 3733 nomensabulae.
956 3684 1025 3727 ram,
1043 3671 1141 3719 absenti
1158 3676 1249 3720 tamen.
1284 3672 1314 3719 Is
1333 3687 1364 3720 ne
1379 3677 1503 3734 exspecte-

372 3754 480 3801 Puellae
497 3753 525 3800 in
540 3768 648 3801 amorem
664 3753 777 3811 exarsit:
794 3753 918 3800 detincre
957 3749 991 3795 ti:
1009 3749 1079 3797 bodie
1094 3750 1122 3797 in
1139 3751 1185 3798 hae
1205 3750 1336 3799 Comoedia
1364 3752 1401 3799 In
1417 3751 1503 3799 urbem

436 3833 548 3893 capuita,
956 3843 1006 3876 non
1021 3830 1124 3878 redibit:
1142 3831 1256 3878 Plautus
1271 3830 1363 3879 noluit.
1395 3831 1503 3879 Pontem

372 3912 421 3959 Nil
437 3912 530 3959 remedi
546 3916 633 3960 tantae
649 3910 801 3973 cupiditatis
817 3913 852 3957 eat
868 3911 918 3957 nisi
957 3911 1114 3973 interrupit,
1131 3912 1175 3973 qui
1191 3917 1247 3959 mat
1263 3914 1287 3960 ei
1303 3912 1331 3959 in
1347 3911 1445 3959 itinera

372 3992 417 4039 En
448 3992 547 4053 nuptiis
575 3995 712 4054 repertum.
754 3990 802 4038 Ita
826 3989 918 4036 :rostris
992 3987 1087 4037 Garrit
1103 3993 1183 4039 aniles
1200 3992 1245 4038 Ea
1261 4005 1289 4039 re
1296 3990 1417 4052 sabellus.
1433 3989 1504 4038 Bene

437 4072 560 4120 commodo
958 4065 1159 4118 Commentator:
1179 4069 1372 4128 „Commodum
1388 4083 1439 4118 non
1449 4069 1503 4117 sine

373 4152 412 4200 Ae
426 4151 546 4212 viminis,
563 4166 593 4199 en
609 4149 919 4211 aotoamantiaetpatris
958 4159 1062 4206 caussa,
1090 4149 1121 4195 ad
1148 4149 1301 4212 propositum
1328 4149 1504 4211 pertinentes.“

374 4231 514 4290 Catamitu,
530 4232 680 4293 nuptiarum
689 4230 728 4292 fit
743 4231 882 4279 celebratio.
904 4249 906 4255 ·
959 4222 1031 4274 Ovid.
1067 4227 1170 4276 Metam.
1196 4228 1245 4277 VI.
1267 4228 1323 4277 316.
1354 4230 1437 4290 thue
1452 4228 1503 4290 fit,

375 4312 454 4360 Hunc
462 4311 544 4373 finem
552 4309 647 4372 sabula
662 4312 764 4373 accipit.
959 4321 976 4352 a
994 4306 1070 4366 facta
1092 4308 1210 4369 propiore
1233 4308 1322 4369 priora
1346 4310 1501 4355 renarrant:

960 4385 988 4431 Ε
1006 4386 1096 4447 quibus
1117 4401 1181 4433 urens
1202 4387 1249 4433 uit.
1282 4385 1332 4434 Ubi
1352 4383 1435 4432 verius
1453 4391 1505 4446 est,

372 4469 399 4518 A
415 4468 461 4517 tali
470 4467 580 4530 Prologo
596 4469 669 4531 polita
678 4482 749 4516 suam
760 4467 919 4519 Comoediam
958 4465 1024 4527 quod
1047 4464 1135 4512 Burm.
1160 4464 1218 4512 dicit
1242 4464 1269 4511 in
1290 4463 1424 4527 Argentin.
1441 4461 1503 4512 Cod.

373 4549 448 4597 ordiri
473 4550 560 4611 potuit.
595 4549 711 4598 Primum
747 4549 806 4596 dicit
833 4564 859 4598 se
886 4564 919 4598 ex
958 4544 1025 4606 legi:
1043 4561 1056 4592 e
1065 4545 1148 4606 facto.
1181 4544 1222 4592 Ita
1239 4542 1339 4592 Sueten.
1354 4542 1453 4593 Caesar.
1463 4543 1502 4591 60.

373 4629 506 4678 Menandri
517 4628 613 4677 Graeca
624 4627 707 4677 fecisse
717 4628 847 4677 Latinam:
864 4636 919 4676 tum
960 4627 1065 4673 Proelia
1081 4639 1130 4674 non
1147 4630 1249 4674 tantum
1265 4626 1401 4682 destinato,
1418 4627 1462 4674 sed
1472 4640 1503 4674 ea

373 4716 547 4772 argumentum
565 4708 675 4758 Graecae
688 4714 798 4766 cannam
815 4708 919 4771 denique
958 4706 1083 4752 occasione
1098 4707 1218 4753 sumebat.
