3750 5759
730 673 912 740 LIBER
959 676 1001 741 Il.

348 865 486 950 Pocula,
508 886 566 932 seu
587 863 724 929 modicis
748 862 874 928 uvescit
892 862 1020 930 laetius.
1069 864 1157 952 Ergo

345 971 457 1036 Sermo
479 969 599 1051 oritur,
619 989 685 1032 non
709 967 749 1033 de
775 966 865 1032 villis
885 967 1236 1056 domibusvealienis,

342 1072 429 1156 Nea,
450 1072 537 1137 male
558 1092 659 1136 neone
685 1069 789 1154 Lepos
812 1068 926 1153 saltet,
951 1070 1009 1136 sed
1031 1072 1118 1157 quod
1138 1074 1244 1159 magis
1263 1075 1305 1140 ad
1325 1100 1385 1144 nos

343 1173 491 1241 Pertinet
508 1180 542 1240 et
563 1173 686 1239 nescire
708 1173 833 1237 malum
857 1178 924 1256 est,
949 1173 1132 1258 agitamus:
1154 1181 1307 1245 utrumne

294 1303 364 1350 aeria
372 1303 425 1351 sive
433 1302 529 1352 modios
537 1301 626 1365 poeula
634 1302 698 1365 oapit
711 1308 845 1348 -utrum
861 1284 865 1294 ’
884 1307 909 1349 et
936 1308 1007 1350 notat
1036 1303 1181 1366 Terentius;
1207 1308 1272 1369 quod
1298 1307 1342 1357 ille
1368 1312 1428 1359 ordo

293 1396 343 1444 que
359 1382 420 1431 bene
437 1383 517 1432 habet.
552 1384 633 1432 Auria
654 1387 727 1430 vooat
744 1381 846 1443 sortia,
883 1381 966 1443 potior
1010 1389 1076 1441 erat,
1117 1390 1145 1431 ut
1181 1384 1322 1437 adolescens
1360 1391 1427 1453 prior

292 1474 376 1520 mera,
393 1477 458 1526 aque
473 1477 523 1510 non
544 1463 631 1510 mixta.
882 1466 1030 1522 proponeret
1052 1475 1163 1522 causam,
1183 1466 1226 1528 qui
1246 1468 1335 1529 petitor
1356 1470 1427 1518 indn-

327 1543 367 1590 Er
383 1546 478 1592 narare
494 1544 588 1590 naulum
605 1547 649 1591 est.
683 1539 841 1602 Porphyris:
881 1537 970 1588 citur.“
1004 1539 1178 1602 Scholiastam,
1200 1545 1268 1593 addit
1284 1546 1427 1608 Bentleius,

292 1622 369 1679 „Hoc
385 1624 451 1672 seire
464 1624 582 1673 volumus
598 1622 664 1683 quod
679 1622 773 1669 sarcire
791 1622 840 1668 ari·
880 1616 1021 1682 quicunque
1031 1619 1075 1678 sit,
1086 1622 1279 1672 vetustissimum
1291 1612 1427 1686 saissa'vel

272 1716 349 1748 mn
365 1704 427 1749 est.“
460 1701 577 1750 Fortasse
597 1699 732 1758 sententia,
753 1697 840 1762 quales
880 1710 913 1744 ex
937 1697 1022 1746 Luscii
1047 1699 1157 1748 versibus
1182 1709 1249 1751 certo
1270 1706 1347 1770 scias,
1365 1722 1426 1771 quos

290 1785 351 1826 sunt
367 1778 452 1827 Publii
469 1779 540 1842 Syri,
562 1788 586 1828 et
603 1779 714 1827 aliorum.
749 1777 839 1827 Altera
878 1775 944 1824 inter
964 1778 1060 1842 reliqua
1080 1779 1205 1831 latitantes
1227 1785 1334 1848 primus,
1360 1791 1425 1852 quod

290 1869 389 1918 quoque
410 1871 467 1929 pars
491 1856 584 1906 Scholii
605 1857 712 1905 ostendit
727 1856 839 1904 membra
878 1856 968 1913 sciam,
993 1873 1079 1908 versus
1096 1874 1149 1909 esse
1166 1861 1321 1925 deprehendi.
1354 1869 1424 1916 Lati·

289 1933 387 1982 disiecti
407 1937 504 1998 podtae:
535 1936 591 1994 „De
614 1937 661 1984 hoe
684 1936 837 1999 disputamus
879 1941 945 1995 tant,
962 1938 1048 1996 credo,
1064 1939 1146 2003 plures
1163 1955 1250 1990 versus
1262 1945 1358 2006 Lusoii,
1374 1948 1424 1998 imo

288 2026 355 2074 quae
371 2014 485 2075 ignorare
501 2029 551 2063 non
567 2014 693 2077 expedit.“
726 2014 753 2064 Si
772 2014 837 2078 lege·
878 2016 961 2063 omnia
1002 2017 1066 2077 fere,
1103 2034 1166 2082 quae
1212 2021 1253 2070 hie
1293 2023 1423 2087 leguntur,

287 2100 369 2142 retur:
393 2097 451 2144 Noa
468 2097 627 2158 ‹rapatamar
642 2097 758 2157 ipnorare
773 2099 839 2158 paud
878 2102 937 2143 sunt
954 2097 1041 2155 verba,
1059 2099 1148 2162 quibus
1166 2103 1238 2164 poeta
1248 2113 1423 2166 argumentum

287 2175 405 2235 expedit,
421 2173 568 2222 haberemus
579 2174 726 2222 sententiam
737 2175 837 2223 Horatii
877 2173 975 2225 fabulae
996 2177 1119 2228 Thesauri
1141 2180 1167 2228 in
1188 2181 1296 2245 Prologo
1312 2185 1421 2248 explica-

287 2251 385 2301 duobus
402 2255 665 2318 senariisexpressam.
683 2253 760 2302 Multi
771 2255 835 2303 mul·
877 2254 926 2312 vit,
957 2257 1004 2306 isto
1028 2273 1103 2322 prope
1128 2261 1218 2319 modo,
1243 2277 1291 2326 quo
1316 2263 1423 2316 Plautus

286 2341 371 2381 torum
401 2335 529 2396 poetarum
559 2349 645 2383 versus
673 2334 699 2382 in
726 2335 834 2399 antiquis
876 2334 1013 2400 Prologum
1030 2337 1211 2402 Amphitryoni
1227 2343 1365 2404 praemisit,
1380 2347 1422 2395 ubi

287 2390 392 2460 Scholiis
404 2413 489 2463 latent.
517 2414 679 2463 Memorabile
690 2415 833 2478 exemplum
875 2426 911 2460 vs.
928 2415 962 2463 95
979 2416 1050 2474 dicit,
1068 2432 1135 2467 nune
1150 2434 1193 2468 uos
1209 2423 1322 2472 animum
1334 2428 1422 2476 aduer-

285 2504 328 2540 me
343 2493 464 2542 invenisse
480 2494 567 2558 putavi
584 2495 649 2556 apud
662 2495 790 2542 Donatum
802 2497 833 2544 ad
874 2493 920 2541 tite
941 2497 1013 2546 Dum
1035 2499 1109 2546 huius
1129 2507 1304 2561 urpumearum
1320 2506 1422 2567 eloquar

284 2571 423 2635 Prologum
440 2573 557 2622 Eunuchi
573 2573 738 2622 Terentianae
746 2589 783 2622 vs.
794 2574 832 2623 12.
873 2575 1023 2624 comoediae:
1041 2575 1098 2623 facit
1114 2576 1147 2624 ibi
1164 2577 1306 2640 loquentem
1323 2583 1420 2634 Mercu-

284 2651 325 2698 ed.
340 2651 423 2701 Bentl.
455 2652 600 2702 Bentleius:
627 2652 682 2709 „De
698 2652 833 2703 Phasmate
873 2650 952 2710 rium,
969 2660 997 2701 ut
1014 2654 1040 2702 in
1058 2655 1193 2704 Aulularia
1209 2659 1301 2708 Larem
1319 2660 1419 2712 familia-

284 2734 310 2777 et
327 2731 456 2780 Thesauro
473 2739 544 2780 vetus
563 2731 723 2790 Scholiastes,
741 2732 832 2782 sireis
872 2745 939 2780 rem:
964 2733 991 2780 in
1021 2732 1126 2791 Casina,
1153 2735 1335 2797 Menaechmis,
1364 2742 1417 2790 Ru-

283 2807 400 2859 Donatus
412 2811 453 2858 hic
464 2811 507 2868 sit,
524 2811 577 2859 sive
593 2810 832 2875 quiseoentiquior‚
873 2809 945 2859 dente
969 2812 1021 2875 ipse
1042 2813 1162 2871 Plautus,
1187 2821 1216 2862 ut
1239 2814 1280 2863 hic
1299 2818 1417 2881 Luscius,

283 2900 369 2937 eanos
381 2889 463 2947 docet,
478 2896 502 2938 et
518 2889 655 2938 lectissimis
666 2892 766 2954 quidem
778 2908 832 2941 ver·
871 2889 987 2954 loquitur.
1021 2893 1079 2941 Non
1101 2893 1219 2942 habemus
1240 2902 1319 2944 totum
1336 2899 1418 2960 prolo-

283 2965 334 3025 bis,
359 2983 424 3033 quae
448 2979 473 3018 et
494 2970 535 3018 hio
555 2985 652 3034 quoque
674 2971 751 3033 digna
772 2984 831 3022 sunt
871 2984 944 3031 gum,
962 2972 1005 3020 sed
1016 2979 1123 3034 partem:
1141 2973 1248 3022 Luscius
1259 2974 1310 3022 alia
1321 2991 1353 3025 ex
1363 2993 1417 3026 ora·

283 3061 347 3110 quae
372 3050 513 3113 leganturf·
548 3049 642 3100 Omitto
667 3066 734 3100 nnnc
757 3068 830 3116 argu.
870 3049 935 3098 tione
961 3052 1025 3099 senis
1051 3058 1075 3100 et
1099 3052 1271 3112 adolescentis,
1294 3060 1417 3107 sententia

282 3135 395 3178 mentum
417 3131 571 3179 Phasmatis:
593 3131 673 3179 refero
694 3132 831 3191 Thesauri,
870 3128 992 3188 iudicum,
1014 3138 1039 3179 et
1059 3132 1129 3180 exitu
1150 3131 1298 3182 Comoedias
1315 3137 1415 3189 adiecit:

282 3206 380 3256 fabulae
397 3209 496 3258 Luseii:
516 3209 698 3280 „Adolescens
717 3211 760 3273 qui
777 3226 830 3261 rem
869 3209 952 3258 exitus
969 3210 1072 3259 fortasse
1088 3212 1129 3260 hio
1144 3211 1199 3271 fuit,
1214 3214 1256 3276 qui
1273 3228 1326 3263 esse
1342 3217 1414 3278 solet,

282 3289 430 3339 familiarem
447 3291 555 3354 nequitia
566 3292 719 3354 prodegerat,
730 3305 828 3340 servum
868 3295 897 3336 ut
932 3305 1009 3339 senex
1045 3305 1135 3338 avarus
1172 3291 1286 3340 habuerit
1323 3295 1413 3354 filiam,

281 3370 357 3419 mittit
382 3373 413 3420 ad
438 3373 516 3435 patris
539 3378 742 3430 monumentum,
764 3374 829 3437 quod
868 3366 900 3414 ab
916 3368 1070 3417 adolescente
1096 3375 1230 3426 &malms
1246 3385 1349 3435 eamque
1376 3376 1412 3424 illi

280 3463 358 3498 senex
374 3451 420 3499 sibi
436 3453 508 3500 virtu
525 3451 622 3513 magnis
644 3450 732 3514 opibus
754 3467 828 3515 appa·
868 3455 973 3509 nuptum
997 3448 1098 3497 dederit.
1132 3448 1227 3497 Versus
1249 3449 1276 3497 hi
1296 3465 1349 3500 esse
1371 3469 1413 3517 po-

280 3537 392 3586 raserat,
410 3538 439 3578 ut
455 3531 480 3578 id
497 3530 617 3593 aperiret,
638 3530 753 3579 illaturus
770 3547 827 3594 epu·
866 3533 980 3576 luerunt:

279 3607 328 3666 las,
345 3624 407 3672 quas
428 3616 498 3673 pater
518 3617 573 3674 post
593 3625 687 3659 annum
703 3611 826 3662 decimum

279 3696 379 3737 caverat
395 3688 442 3737 sibi
458 3688 550 3738 inferri.
585 3689 634 3739 Sed
651 3704 708 3738 eum
724 3704 826 3753 agrum,
867 3685 1028 3746 Adolescens,
1051 3689 1095 3750 qui
1119 3703 1172 3738 rem
1191 3691 1306 3753 aequitio
1323 3695 1411 3754 prode-

278 3768 304 3816 in
320 3782 370 3831 quo
386 3777 575 3818 monumentum
593 3777 658 3827 erat,
681 3784 756 3818 senex
773 3772 827 3835 qni·
929 3773 1014 3829 punt,

278 3849 336 3897 dam
347 3865 437 3897 avarus
449 3849 479 3897 ab
491 3849 643 3898 adolescente
655 3857 755 3899 emerat.
769 3850 825 3900 Ser·
867 3847 973 3895 Seruum
984 3847 1019 3896 ud
1027 3848 1143 3909 putrium
1156 3856 1342 3900 mouumentum
1353 3855 1411 3902 mit-

278 3943 325 3977 vus
342 3931 374 3977 ad
386 3930 544 3992 aperiendum
555 3936 743 3977 monumentum
755 3929 825 3977 auxi·
930 3928 978 3986 tu,
994 3929 1060 3990 quod
1074 3942 1148 3976 aenea

277 4008 311 4057 lio
321 4024 381 4058 usus
393 4011 469 4067 senis,
486 4010 642 4058 Thesaurum
654 4024 710 4057 cum
722 4009 825 4072 epistola
865 4006 921 4054 Sibi
931 4009 1002 4055 aalma
1014 4009 1110 4068 mapuia
1120 4007 1208 4068 opibus
1219 4017 1400 4071 apparaverat,

277 4089 367 4138 ibidem
378 4090 476 4152 reperit.
495 4088 578 4138 Senex
590 4089 823 4146 Thesaurum,tam-
869 4087 905 4133 Ut
922 4087 951 4134 td
966 4087 1091 4147 aperiret,
1110 4087 1234 4135 illaturus
1250 4089 1345 4136 scilicet

275 4184 352 4231 quam
369 4185 385 4217 a
400 4183 427 4217 se
443 4183 487 4231 per
503 4169 639 4216 tumultum
655 4167 769 4216 hostilem
782 4170 823 4217 de·
865 4167 974 4226 Epulas,
986 4167 1035 4214 sibi
1045 4180 1108 4229 quas
1119 4165 1213 4227 inferri
1223 4174 1325 4216 coemat
1333 4175 1410 4230 pater

275 4247 381 4307 fossum,
398 4249 487 4297 retinet
503 4256 528 4297 et
544 4249 591 4297 sihi
607 4249 716 4296 vindicat
752 4249 821 4298 Ado·
865 4245 997 4294 Decimum
1006 4251 1180 4307 portantium.
1209 4245 1410 4309 Sedaprum,a'u

274 4327 368 4381 lesoens
382 4329 486 4377 iudicem
500 4328 577 4391 capit:
594 4328 659 4391 apud
669 4342 743 4391 quem
754 4328 822 4391 prior
895 4341 944 4388 quo
959 4330 1144 4374 mouumentum
1160 4329 1230 4382 mut,

274 4421 359 4467 senex,
370 4409 413 4472 qui
425 4423 514 4455 aurum
526 4407 628 4466 retinet,
640 4422 738 4455 causam
750 4422 820 4457 suam
864 4405 945 4453 Senex
961 4419 1056 4452 auarus
1072 4405 1103 4453 ab
1120 4404 1272 4451 adolesoeute
1288 4411 1391 4455 enrerut.

275 4488 310 4536 sio
320 4487 384 4550 agit:
404 4488 745 4544 Atlwnieusea,bellumrum
753 4489 820 4535 Rho·
864 4485 956 4532 Seruus
980 4489 1165 4532 utoriumeuturu
1191 4482 1226 4530 ud
1246 4484 1408 4544 aperiendum

272 4568 400 4616 dunatus
420 4568 494 4625 Quod
502 4566 603 4627 fuerit,
619 4567 682 4628 quid
696 4581 820 4629 epoprae·
926 4576 989 4610 usus
1004 4564 1071 4610 senis
1287 4555 1292 4585 '

274 4647 373 4696 duem?
390 4653 414 4694 et
424 4653 518 4704 uetera,
534 4659 597 4708 quae
608 4654 694 4693 contra
704 4652 819 4694 naturam
863 4643 982 4700 Auxilio,
1003 4642 1098 4705 reperit
1119 4642 1266 4690 thesaurum
1285 4656 1341 4692 auur
1357 4644 1408 4706 api·

274 4726 382 4789 iurisque
406 4726 607 4774 consuetudinem
631 4725 711 4787 posita
737 4725 820 4787 arguit
927 4724 1000 4771 stola.
