3750 5759
787 667 969 730 LIBER
1016 668 1058 731 ll.

382 853 428 918 Ut
450 852 569 917 melius
592 851 717 933 muria,
742 853 828 937 quod
853 860 937 918 testa
961 855 1087 920 marina
1110 854 1290 919 1·emittat.“

381 958 510 1022 Interea
532 978 691 1040 suspensa
713 978 828 1041 graves
853 957 968 1022 aulaea
990 957 1101 1022 ruinas

379 1061 419 1124 In
442 1060 592 1145 patinam
615 1058 736 1142 fecere,
762 1061 926 1125 trahentia
948 1061 1092 1145 pulveris
1117 1063 1198 1144 atri,

382 1166 549 1246 Quantum
574 1187 641 1230 non
665 1166 788 1253 Aquilo
813 1166 992 1252 Campanis
1017 1167 1139 1232 excitat
1162 1168 1260 1253 agris.

379 1270 447 1334 Nos
471 1269 578 1335 maius
602 1269 718 1352 veriti,
742 1276 919 1356 postquam
943 1270 1028 1334 nihil
1053 1293 1124 1336 esse
1146 1271 1260 1357 pericli

382 1373 567 1456 Sensimus,
591 1374 764 1458 erigimur:
790 1375 916 1456 Rufus,
942 1375 1050 1460 posito
1074 1375 1182 1460 capite
1195 1424 1203 1458 ,
1228 1379 1267 1440 ut
1290 1375 1316 1440 si
1359 1426 1361 1430 .

379 1475 485 1541 Filius
508 1476 704 1542 immaturus
728 1478 869 1561 obisset,
894 1478 978 1543 flere.
1029 1477 1110 1557 Quis
1133 1483 1219 1544 esset

379 1579 493 1662 Finis,
518 1580 554 1643 ni
577 1581 708 1666 sapiens
733 1582 779 1646 sic
803 1582 1032 1647 Nomentanus
1056 1581 1199 1646 amicum

377 1683 534 1749 Tolleret:
560 1683 678 1767 „Heu,
704 1685 867 1768 Fortuna,
894 1685 967 1770 quis
991 1691 1042 1750 est
1066 1685 1226 1750 crudelior
1253 1685 1288 1748 in
1312 1706 1371 1749 nos

377 1787 420 1851 Te
443 1787 541 1853 deus?
588 1786 636 1853 Ut
659 1810 786 1874 semper
808 1789 931 1874 gaudes
956 1788 1093 1854 illudere
1116 1789 1211 1853 rebus

378 1890 543 1956 Humanis
554 1892 586 1956 Ψ
633 1892 753 1956 Varius
778 1914 899 1977 mappa
922 1913 1129 1976 compescere
1152 1891 1255 1956 risum

376 1993 443 2058 Vix
465 2000 602 2080 poterat.
652 1996 804 2079 Balatro,
830 1997 1034 2081 suspendens
1059 1995 1170 2060 omnia
1193 2017 1291 2078 naso,

378 2095 493 2179 „Haeo
516 2104 567 2164 est
589 2099 734 2165 conditio
758 2100 932 2183 vivendi,“
957 2100 1080 2182 aiebat,
1106 2120 1231 2184 „eoque

378 2201 587 2287 Responsura
610 2208 667 2267 tuo
690 2225 860 2288 nunquam
883 2208 933 2268 est
955 2225 1014 2289 par
1037 2202 1125 2267 fama
1148 2203 1261 2268 labori.

377 2306 480 2389 Tene,
504 2312 543 2371 ut
566 2329 626 2392 ego
650 2308 790 2394 accipiar
812 2308 923 2391 laute,
950 2308 1127 2392 torquerier
1150 2307 1241 2372 omni

378 2408 606 2476 Sollicitudine
629 2412 835 2495 districtum,
860 2435 901 2477 ne
924 2411 1020 2497 panis
1044 2413 1200 2494 adustus,

358 2512 427 2593 ¹lle
449 2513 536 2580 male
558 2515 728 2581 conditum
751 2517 802 2581 ius
827 2521 1032 2601 apponatur,
1057 2521 1096 2581 ut
1118 2537 1231 2580 omnes

377 2615 561 2682 Praeoinoti
584 2623 670 2683 recte
692 2619 785 2704 pueri
807 2618 972 2703 comtique
995 2618 1204 2683 ministrent?

376 2718 471 2785 Adde
493 2721 552 2786 hos
576 2728 742 2807 praeterea
764 2744 875 2787 casus:
901 2722 1016 2786 aulaea
1040 2727 1139 2786 ruant
1163 2721 1211 2803 si,

377 2847 415 2894 Ut
440 2863 538 2911 semper
564 2853 657 2913 paucies
685 2854 791 2901 illudere
811 2854 883 2900 rebus
922 2866 1006 2912 quam.
1040 2852 1205 2900 Reddendum
1222 2851 1268 2899 hoc
1280 2850 1370 2899 Plauto
1381 2851 1472 2900 Bacch⁴

333 2926 480 2976 Humanis!
502 2930 561 2978 Huc
576 2931 695 2993 pertinet,
713 2934 776 2996 quod
794 2932 881 2981 Dona·
923 2929 958 2978 Π.
977 2944 995 2978 1.
1015 2933 1036 2979 l.
1071 2933 1173 2980 Herilis
1188 2933 1278 2994 patrio
1295 2933 1378 2980 solue:
1396 2946 1472 2994 quam

331 3011 372 3052 tus
394 3005 510 3057 observat
530 3011 562 3058 sd
583 3011 683 3060 Terent.
701 3013 816 3060 Eunuch.
832 3012 898 3062 IV«
923 3024 964 3071 epo
981 3010 1089 3068 biennio,
1108 3012 1250 3073 Postquam
1267 3011 1326 3060 hiric
1342 3013 1370 3059 ia
1388 3011 1473 3072 Ephe·

331 3097 381 3131 vn.
399 3086 436 3134 19.
470 3087 680 3148 ‚,Animadverte,
697 3099 817 3153 quantam
830 3091 882 3140 vim
922 3103 979 3137 sum
991 3091 1055 3147 alii,
1067 3090 1190 3156 conspicio
1201 3091 1295 3140 luban.
1312 3089 1472 3152 Legendum:

332 3163 439 3213 habeant
460 3167 492 3213 od
508 3166 681 3216 delectandum
697 3171 722 3216 in
740 3168 881 3218 Comoediis
922 3183 999 3230 quam
1015 3183 1058 3231 epo
1075 3170 1184 3227 biennio,
1202 3169 1345 3231 Postquam
1366 3170 1424 3217 laiac
1444 3170 1472 3217 ir

331 3256 433 3292 severae
459 3246 607 3303 sententiae,
641 3261 698 3295 cum
726 3263 741 3295 a
769 3248 880 3297 ridiculis
922 3247 1054 3308 Ephesum
1072 3248 1136 3305 alii,
1157 3253 1181 3296 te
1198 3249 1322 3310 conspicio
1339 3249 1438 3297 lubens!

297 3389 299 3391 ι
331 3324 442 3385 personis
464 3324 647 3387 proferuntur.“
681 3327 732 3375 Hic
759 3329 882 3376 sententia
957 3328 1120 3389 Responsura
1144 3331 1187 3374 tuo
1213 3341 1343 3388 nunquam
1364 3332 1402 3375 est
1419 3343 1473 3390 par

331 3403 456 3465 profertur
486 3406 516 3453 de
548 3419 653 3467 persona
683 3406 795 3455 ridicule.
845 3411 882 3456 Ut
915 3405 1091 3466 famulaturi.
1122 3403 1333 3465 Interpretantur:
1350 3405 1408 3464 tuis,
1420 3407 1471 3454 Na-

331 3498 427 3545 seraper
446 3487 546 3547 prades,
566 3485 601 3532 ita
623 3486 648 3532 in
674 3486 767 3548 Virgil.
788 3486 880 3550 Georg.
922 3485 1029 3541 sidiene,
1046 3482 1147 3540 studiis,
1163 3482 1229 3529 curis
1241 3490 1265 3531 et
1275 3482 1400 3542 molestiis,
1418 3486 1471 3547 qui·

333 3563 383 3611 III.
400 3563 458 3613 218.
475 3563 611 3625 legendum
627 3565 729 3627 putavi:
753 3567 881 3616 Dulcibus
921 3564 967 3612 bus
989 3565 1020 3612 de
1041 3563 1109 3621 aliis,
1131 3563 1168 3610 uti
1190 3562 1239 3610 iam
1262 3564 1292 3610 de
1308 3563 1392 3620 nobis,
1409 3579 1472 3627 quos

331 3643 379 3689 illc
398 3644 498 3705 quidem
518 3645 639 3693 illecebris
657 3649 688 3691 ut
704 3659 778 3706 saepe
793 3659 881 3707 supcr-
921 3642 1052 3706 splendido
1063 3641 1178 3690 convivio
1186 3642 1307 3704 accepisti,
1316 3657 1402 3691 meres.
1415 3645 1471 3701 Est,

332 3722 374 3769 bos
397 3721 522 3772 Cornibus
530 3724 597 3772 iuter
610 3738 637 3772 se
645 3724 739 3788 sucipit
751 3726 881 3775 decorae
921 3729 995 3786 puto,
1007 3721 1127 3770 sententia
1137 3721 1267 3783 generalis.
1289 3721 1410 3770 Homines
1425 3723 1472 3773 hac

332 3802 458 3848 aciculis!
491 3801 541 3850 Ubi
557 3803 648 3865 vulgo:
669 3808 695 3849 et
710 3816 794 3864 saepe,
814 3804 881 3865 quod
921 3803 1061 3851 conditione
1077 3801 1129 3850 nati
1145 3814 1238 3849 sumus.
1266 3800 1387 3862 Impende
1403 3800 1471 3850 labo-

332 3877 438 3941 intelligi
462 3893 514 3927 non
538 3888 625 3942 potest.
657 3882 835 3930 Emendandus
855 3883 881 3931 in
920 3897 974 3930 rem
999 3882 1035 3930 rei
1054 3881 1214 3940 utilissimae,
1239 3885 1359 3943 quantum
1375 3881 1470 3942 possis,
1527 3894 1545 3908 ¹⁴

332 3959 419 4005 eodem
435 3959 511 4008 verbo
529 3967 566 4008 est
582 3960 688 4010 Plautus
706 3960 783 4010 Stich.
800 3963 833 4011 V.
852 3978 879 4012 rr.
921 3962 988 4011 fama
1005 3975 1133 4026 nunqnam
1150 3968 1192 4009 tuo
1210 3960 1290 4008 labori
1306 3961 1470 4023 respondebit.

335 4039 357 4085 1.
399 4038 500 4087 Soloete
524 4042 653 4099 Athenae,
679 4056 745 4102 quae
769 4043 881 4092 nutrices
957 4045 1029 4091 Adde
1045 4045 1088 4090 hos
1103 4047 1234 4104 praetcrea
1252 4055 1330 4089 casus.
1348 4040 1470 4102 Equidem

336 4117 467 4165 Graecirm
503 4119 585 4166 Terra
613 4121 700 4168 herilis
725 4122 828 4182 patria,
856 4128 881 4171 te
922 4120 1046 4169 affirmare
1065 4120 1114 4169 iere
1132 4121 1224 4178 ausim,
1243 4119 1376 4168 Horatium
1395 4119 1470 4181 scrip-

332 4195 401 4243 cideo
418 4196 502 4245 libens.
536 4198 599 4260 Leg.
621 4200 726 4249 eterra
738 4202 880 4265 satrapa·
922 4201 995 4250 sisse:
1014 4203 1084 4248 Adcli
1095 4203 1138 4249 lios
1148 4205 1281 4262 praetcrea
1292 4202 1379 4248 casus!
1401 4198 1471 4246 Tene

333 4276 400 4332 tria,
416 4281 447 4322 ut
464 4281 488 4322 te
504 4278 574 4325 eldea
591 4279 684 4327 libens!
711 4279 752 4328 Sic
763 4280 789 4328 in
810 4282 880 4330 Pers.
921 4281 1030 4343 torqueri
1048 4280 1116 4327 omni
1135 4277 1300 4326 sollicitudine
1318 4276 1469 4324 districtum!

333 4354 440 4403 IV.111.
459 4356 513 4404 131.
548 4357 629 4405 Salve.
660 4359 732 4406 Utis
745 4363 881 4422 amplectar
922 4359 991 4407 Addi
1014 4360 1114 4420 insuper
1138 4363 1222 4405 tautae
1244 4354 1404 4403 sollicitudini
1425 4355 1470 4404 hos

334 4435 426 4482 libais!
461 4432 553 4496 virgil.
576 4435 641 4484 Aen.
659 4435 695 4484 Π.
715 4437 770 4485 183.
804 4441 839 4487 Ut
857 4447 881 4489 te
922 4451 1004 4495 essue,
1022 4445 1049 4484 ut
1066 4437 1153 4484 aulaea
1169 4442 1251 4492 ruant,
1268 4434 1333 4496 quod
1350 4434 1423 4481 modo
1434 4433 1471 4480 vi-

331 4519 390 4575 post
407 4516 490 4563 multa
507 4519 607 4563 tuorum
633 4517 751 4575 Funera,
765 4523 821 4579 posi
838 4534 880 4566 aa·
921 4518 1016 4573 dimus,
1037 4522 1065 4563 ut
1088 4531 1164 4579 agaso
1180 4515 1291 4578 patinam
1309 4512 1420 4574 franget,
1439 4527 1471 4561 ne

334 4592 384 4640 rios
396 4593 570 4657 bonarumque
580 4597 697 4658 urbisque
707 4598 811 4655 labores,
828 4599 880 4645 De·
922 4596 983 4644 alios
1001 4610 1072 4643 casus
1089 4596 1235 4644 memorem!
1254 4593 1354 4641 Terent.
1367 4591 1470 4640 Phorm.

328 4670 396 4732 fessi
412 4673 578 4735 adspicimus!
612 4674 664 4722 Pro
680 4681 710 4723 ut
727 4676 845 4724 usitatum
857 4683 881 4723 et
922 4676 958 4723 ΙΙ.
985 4691 1013 4725 11.
1039 4677 1079 4725 25.
1117 4676 1176 4743 Ten¹
1197 4675 1349 4736 asprrzboium
1371 4674 1466 4732 venire,
