3750 5759
763 686 1110 755 SATlRAllUM

413 888 448 954 si
471 886 569 952 modo
591 885 687 970 plura
709 882 792 946 mihi
815 881 901 945 bona
925 885 1021 962 sunt,
1047 878 1200 960 inclinet,
1226 876 1329 942 amari

414 990 449 1057 Si
473 990 577 1055 volet:
602 988 662 1053 hac
686 987 758 1072 lege
781 985 815 1049 in
840 982 967 1049 trutina
989 987 1130 1069 ponetur
1152 981 1275 1048 eadem.

414 1092 494 1175 Qui,
519 1114 559 1157 ne
583 1090 752 1157 tuberibus
775 1087 915 1174 propriis
939 1085 1084 1152 offendat
1107 1086 1271 1168 amicum,

415 1197 582 1279 Postulat,
607 1195 756 1280 ignoscet
780 1191 922 1257 verrucis
947 1189 1047 1256 illius.
1094 1191 1248 1275 Aequum
1272 1195 1342 1272 est,

414 1300 560 1366 Peccatis
583 1298 715 1365 veniam
737 1300 926 1383 poscentem
950 1293 1085 1359 reddere
1104 1315 1226 1359 rursus.

413 1404 582 1489 Denique,
607 1407 768 1488 quatenus
792 1399 897 1466 excidi
920 1397 1053 1484 penitus
1077 1397 1196 1462 vitium
1220 1397 1307 1479 irae,

415 1506 530 1572 Cetera
552 1507 633 1571 item
655 1507 823 1590 nequeunt
846 1501 959 1568 stultis
983 1500 1166 1584 haerentia,
1191 1522 1249 1566 cur
1272 1521 1339 1565 non

414 1610 618 1676 Ponderibus
641 1608 850 1693 modulisque
873 1606 942 1672 suis
966 1605 1051 1671 ratio
1074 1605 1196 1688 utitur,
1221 1626 1258 1670 ac
1281 1625 1332 1669 res

416 1714 465 1779 Ut
488 1735 633 1799 quaeque
657 1717 726 1794 est,
751 1711 799 1775 ita
822 1709 994 1796 suppliciis
1019 1708 1139 1775 delicta
1161 1709 1306 1774 coercet?

370 1938 449 1980 staats
472 1932 608 1981 Dubitatnr
619 1932 684 1980 sitne
696 1947 752 1980 curn
762 1929 919 1994 praepositio,
960 1935 985 1978 et
1001 1929 1021 1978 I.
1040 1943 1077 1978 vr.
1095 1929 1134 1978 65.
1153 1929 1184 1978 Si
1200 1931 1271 1979 vitiis
1288 1928 1463 1986 vadicarimo,
1478 1944 1507 1979 ue

370 2026 403 2059 an
423 2012 576 2060 adverbium.
610 2011 639 2061 Si
660 2011 780 2059 Horatius
802 2008 921 2057 voluisset
961 2013 1014 2058 mec
1030 2011 1120 2073 paucis
1144 2008 1268 2060 Mandata
1284 2014 1324 2057 eet
1343 2013 1449 2058 natura.
1478 2008 1507 2057 st

369 2091 583 2154 praepositionem,
593 2090 738 2153 scripsisset,
747 2089 833 2137 credo:
848 2088 919 2137 Com·
961 2103 1037 2151 neque
1062 2091 1217 2149 avaritiam,
1243 2103 1321 2150 aeque
1345 2089 1441 2146 sordes,
1465 2103 1507 2138 nee

368 2176 454 2231 penset
471 2186 526 2218 orec
543 2171 759 2218 carravitiisboao.
788 2166 920 2215 Herbstius
961 2168 1029 2216 areola
1053 2169 1137 2216 lustra
1167 2168 1276 2217 obiiciat
1299 2182 1356 2216 vere
1377 2168 1507 2231 quiequam

369 2254 498 2309 separatae
520 2263 535 2294 a
556 2247 712 2296 substantivo
732 2245 920 2311 praepositionis
960 2248 1031 2294 mibi.
1064 2246 1133 2295 Haec
1150 2255 1208 2295 sunt
1224 2246 1321 2310 turpia,
1338 2247 1440 2309 gratu,
1460 2246 1506 2294 elia
1580 2263 1584 2271 ·

370 2325 485 2389 exempla
492 2325 564 2375 affert
575 2331 651 2386 inter,
662 2329 765 2383 circum,
775 2340 863 2388 supra,
874 2341 918 2375 aa:
959 2325 1101 2384 mediocria,
1112 2328 1213 2376 leviora.
1236 2326 1341 2375 Amicus
1353 2332 1437 2375 autem
1447 2341 1506 2376 eona·

370 2406 556 2467 praepositionis
579 2423 635 2456 cum
656 2408 692 2455 ita
718 2412 845 2469 separatae
870 2419 920 2452 non
959 2411 1051 2466 pensat
1068 2407 1130 2454 bono
1147 2407 1232 2463 cirita,
1249 2407 1314 2454 citio
1330 2407 1412 2463 boam,
1434 2405 1506 2469 signi·

302 2477 310 2493 ⁴
371 2484 430 2532 vidi.
464 2485 519 2533 Iam
528 2488 646 2548 pluribus
659 2488 726 2535 bisce
736 2486 863 2547 ingratum
875 2490 919 2541 est,
960 2481 1018 2530 ficat
1037 2491 1128 2546 pensat
1152 2488 1220 2533 vitia
1244 2501 1301 2534 cum
1326 2486 1403 2534 bend.
1437 2483 1506 2534 Com·

371 2564 429 2627 quia
445 2567 565 2614 antecedit
582 2568 665 2623 uitiis,
683 2580 732 2630 quo
748 2565 857 2629 legentes
870 2564 921 2614 fere
960 2569 1097 2612 mentator:
1124 2565 1234 2623 „amicus
1258 2578 1332 2613 verus
1357 2564 1431 2613 debet
1454 2579 1507 2613 mea

370 2645 443 2692 inviti
467 2646 596 2694 referimus
618 2657 697 2709 neque
714 2647 754 2694 hic
770 2659 867 2708 semper
889 2647 921 2693 ad
961 2642 1023 2690 vitia
1039 2657 1142 2705 pensare
1159 2658 1216 2692 cum
1233 2644 1303 2692 bonis
1320 2651 1345 2692 et
1362 2644 1507 2705 virtutibus;

370 2725 513 2787 proximum
530 2726 712 2774 substantivum
723 2727 836 2788 pertinet.
859 2725 920 2775 Seu·
961 2729 997 2781 et,
1014 2722 1037 2769 si
1052 2723 1124 2785 plura
1139 2723 1204 2771 bona
1220 2724 1340 2784 inveniat,
1363 2726 1395 2772 ad
1408 2738 1442 2786 ‚ea
1457 2724 1507 2772 lau·
1549 2742 1555 2749 ·

370 2805 447 2852 tentia
463 2812 546 2854 tamen
563 2801 608 2854 nos
625 2812 722 2864 monet,
746 2812 773 2853 ut
795 2807 862 2855 dirce
882 2819 920 2853 re·
961 2803 1043 2851 danda
1060 2803 1132 2852 debet
1148 2817 1201 2852 esse
1217 2805 1372 2867 propensior,
1390 2804 1508 2870 quemad

370 2881 478 2932 feramus
495 2885 527 2932 ad
544 2887 614 2934 bono.
649 2887 686 2935 At
698 2886 818 2934 Horatius
829 2885 921 2948 potuis·
962 2881 1124 2945 vituperanda
1134 2882 1288 2946 mala,quae
1300 2890 1360 2932 sunt
1370 2884 1508 2946 pauc-iom‘

370 2971 407 3012 set
418 2971 498 3012 toturn
509 2978 609 3013 versum
619 2965 654 3013 ita
664 2964 801 3027 concipere,
814 2963 922 3011 utnulla
961 2961 1031 3025 Ergo
1053 2962 1102 3011 iam
1124 2963 1219 3027 antiqui
1239 2964 1386 3027 interpretes
1402 2965 1509 3013 animad-

371 3041 519 3090 obscuritate
539 3043 674 3092 laboraret:
699 3044 846 3106 Compensat
867 3059 922 3093 naec
962 3048 1090 3091 verterunt
1115 3043 1247 3092 discrimen
1267 3043 1332 3092 inter
1354 3060 1511 3108 compensare

371 3135 429 3168 eram
445 3122 515 3168 virita
536 3125 612 3177 bonu,
633 3124 758 3183 ploraque
779 3121 832 3168 sirit
854 3122 921 3170 boec.
961 3137 1014 3169 rem
1035 3136 1092 3169 cern
1111 3137 1154 3181 re,
1175 3130 1199 3170 et
1225 3138 1385 3184 compensare
1406 3141 1459 3174 rem
1479 3141 1511 3176 re.

371 3197 403 3246 In
426 3198 528 3261 vulgato
542 3201 661 3261 pluritas
677 3200 745 3248 bisce
760 3206 819 3247 sunt
835 3198 921 3246 ablati·
961 3199 1092 3249 Herbstius
1109 3207 1182 3264 urget
1199 3201 1245 3250 hoc
1261 3202 1403 3261 discrimen,
1421 3210 1450 3252 nt
1472 3205 1511 3253 de·

372 3292 417 3325 vus
439 3276 577 3336 absolutus,
594 3279 637 3341 qui
653 3277 848 3341 sieexplicatur:
864 3294 921 3328 cum
962 3279 1046 3328 fendat
1063 3295 1119 3329 cum
1136 3295 1189 3329 esse
1210 3283 1424 3345 praepositionem.
1458 3285 1510 3348 Ego

372 3359 447 3416 bmaa,
464 3359 486 3405 ai
503 3361 567 3406 berra
583 3360 643 3406 baec
659 3359 712 3406 alar
727 3360 812 3420 pluro.
840 3358 920 3420 Quid,
962 3360 1131 3408 auctoritatem
1153 3360 1359 3419 Scholiastarum,
1386 3363 1413 3411 in
1431 3365 1511 3413 huius·

372 3452 470 3499 quaeso,
488 3437 555 3486 aliud
566 3445 611 3499 est,
620 3438 686 3500 quod
695 3438 806 3501 sequitur
816 3442 840 3488 ai
852 3442 922 3488 niodo
962 3440 1029 3488 modi
1051 3440 1154 3502 quidem¹
1172 3440 1259 3497 rebus,
1281 3456 1331 3491 non
1351 3445 1424 3506 parvi
1444 3444 1510 3494 faaio.

369 3519 449 3579 plura
466 3519 528 3566 caiti
544 3521 608 3567 bono
624 3520 700 3566 sunt?
733 3519 857 3581 Equidem
869 3532 920 3566 orn-
962 3520 1065 3569 Accedit
1081 3519 1149 3568 locus
1170 3521 1254 3572 Ovidii
1275 3523 1377 3572 Heroid.
1399 3525 1451 3575 111.
1473 3527 1510 3575 51.

372 3596 415 3644 nia
430 3612 446 3645 a
461 3597 566 3645 librariis
577 3597 650 3645 valde
661 3605 776 3661 corrupta
787 3609 853 3661 puto.
872 3597 921 3661 Op
966 3601 1014 3650 Tot
1036 3606 1120 3649 tumea
1141 3602 1243 3650 ambae
1260 3607 1284 3650 te
1300 3607 1510 3666 compensabimus

373 3675 435 3723 tima
450 3684 515 3738 perte
531 3676 652 3723 sententia
668 3677 790 3738 prodiret,
813 3677 834 3724 si
855 3677 921 3740 lege-
962 3695 1051 3740 unone,
1069 3681 1134 3741 sire,
1152 3688 1180 3730 ut
1195 3682 1315 3732 Heinsius
1337 3684 1450 3735 volebat:
1474 3692 1509 3735 tot

373 3761 455 3802 retur:
480 3755 545 3804 Cum
566 3758 628 3804 benc
649 3761 787 3817 ecnrpenaet
803 3759 872 3805 vitiis
889 3760 921 3806 le·
962 3765 1046 3808 tumen
1067 3763 1167 3811 accusor
1183 3768 1208 3810 te
1223 3766 1438 3826 compensabimus
1454 3781 1508 3815 uno.

372 3836 497 3890 curabas,
526 3835 591 3884 bisce
626 3837 656 3883 Si
681 3838 749 3884 orode
765 3838 842 3897 plura
859 3839 922 3886 mibi
962 3838 1066 3889 Ovidius
1088 3841 1194 3890 alterum
1215 3828 1298 3890 utrum
1323 3845 1449 3908 scripsisse
1470 3848 1509 3894 de·

373 3915 436 3960 bona
450 3919 519 3960 aunt.
553 3912 618 3962 Cum
630 3914 692 3963 vitia
702 3914 796 3963 leviora
807 3931 921 3980 compen-
961 3919 1019 3969 buit.

373 3999 410 4040 set
427 3992 511 4052 bonis,
537 3993 558 4039 si
583 3994 657 4041 modo
682 3993 746 4042 bona
769 4010 825 4044 mea
850 3997 922 4059 plura
994 4000 1126 4051 Caeterum
1152 4000 1240 4059 rerba,
1266 4003 1374 4052 trutinae
1398 4006 1509 4069 propria,

373 4079 444 4129 sunt,
461 4086 537 4134 quam
553 4071 613 4120 talia
629 4073 697 4120 vitia.
724 4076 785 4123 Mea
795 4090 829 4123 ex
840 4075 922 4138 glossa
960 4095 1032 4144 saepe
1054 4083 1086 4129 ad
1110 4082 1315 4144 comparationem
1340 4084 1462 4134 virtutum
1486 4091 1510 4135 et

373 4157 464 4199 ortum.
491 4151 549 4199 Non
566 4166 628 4214 opus
644 4153 921 4218 eratistopronomine,
961 4159 1078 4208 vitiorum
1099 4160 1291 4210 transferuntur.
1324 4162 1380 4211 Liv.
1402 4165 1508 4229 Epitom.

373 4231 432 4294 quia
441 4231 599 4295 subiungitur
610 4234 671 4280 inibi
682 4241 742 4281 sunt
750 4236 820 4283 bono.
838 4237 922 4288 PLU·
961 4240 1002 4289 80.
1037 4241 1119 4290 cetea
1144 4243 1167 4291 si
1188 4243 1364 4292 examinentur
1385 4260 1442 4294 eum
1458 4248 1509 4296 vir·

373 4310 479 4361 RIBUS
501 4320 526 4361 et
547 4312 769 4364 LEVIORIBUS
786 4330 861 4378 quarn
876 4333 923 4381 pu·
962 4322 1060 4369 tutibus
1081 4321 1160 4380 viria,
1182 4321 1252 4368 baad
1267 4322 1352 4383 facile
1370 4323 1406 4373 afr
1427 4326 1509 4386 dieta,

373 4389 426 4438 lum
451 4390 579 4449 differant,
601 4392 683 4454 quivis
705 4393 778 4443 ridet
814 4397 921 4445 Leviora
961 4403 1049 4446 utrum
1065 4400 1127 4448 bello
1144 4401 1243 4456 nacitor,
1259 4415 1293 4448 an
1309 4415 1373 4462 pure
1386 4406 1512 4464 pernicio·

372 4469 636 4530 suntillameda'ocraa
647 4486 710 4535 quae
720 4474 839 4522 Horatius
850 4489 923 4537 saepe
961 4478 1011 4525 star
1021 4477 1116 4538 faerit.
1150 4477 1218 4527 Vell.
1235 4477 1332 4528 Patere
1344 4478 1381 4529 11.
1396 4483 1433 4532 12
1455 4485 1512 4533 Ma·

374 4549 400 4595 in
417 4563 443 4596 so
460 4549 584 4610 agnoscit,
601 4557 630 4598 nt
648 4551 674 4599 in
691 4551 765 4601 Satir.
783 4554 921 4604 1.1v.130.
962 4554 1013 4604 rius
1023 4556 1120 4605 videtur
1129 4559 1192 4607 bona
1201 4559 1273 4606 oralia
1280 4573 1433 4621 repereras-se.
1451 4563 1512 4614 Sne·

374 4630 550 4688 rnediocritas,
566 4634 591 4676 et
613 4633 670 4691 quia
693 4633 827 4693 Ipneacas,
852 4636 922 4682 vitiis
961 4640 1012 4684 ton.
1038 4635 1121 4685 Tiber.
1146 4637 1186 4685 21.
1225 4638 1302 4686 Vitia
1325 4639 1512 4707 virtutibusque

374 4713 456 4757 teneor
466 4710 541 4756 —aie
558 4710 638 4756 delleta
656 4711 744 4758 antima
773 4712 921 4761 Oemrrram.
960 4717 1102 4776 perparuam,
1117 4718 1227 4778 potiarea
1243 4719 1347 4767 damase
1362 4721 1479 4772 uirtutes.
