3750 5759
807 680 990 746 LIBER
1036 683 1061 748 l.

410 861 539 950 Scripta
561 864 670 950 legat,
694 866 794 952 vulgo
817 867 953 934 recitare
977 868 1126 935 timentis
1152 870 1192 935 cb
1216 871 1299 936 hanc
1323 893 1413 955 rem,

410 965 505 1045 Quod
525 974 619 1052 sunt,
644 991 725 1054 quos
749 992 853 1056 genus
878 972 941 1038 hcc
964 973 1103 1040 minime
1127 973 1236 1058 iuvat,
1261 981 1377 1062 utpote
1393 976 1504 1061 plures

411 1068 546 1157 Culpari
569 1072 697 1158 dignos.
747 1074 902 1154 Quemvis
927 1077 1037 1142 media
1060 1077 1145 1164 elige
1168 1080 1280 1158 turba3

409 1174 480 1239 Aut
502 1176 543 1241 ab
567 1176 705 1242 avaritia
728 1185 786 1242 aut
810 1179 931 1245 misera
954 1180 1133 1247 ambitione
1156 1182 1292 1249 laborat.

412 1279 477 1345 Hic
501 1284 679 1366 nuptarum
703 1281 828 1347 insanit
851 1284 1032 1368 amoribus,
1058 1285 1110 1351 hio
1133 1307 1324 1371 puerorum3

412 1384 509 1449 Hunc
533 1384 623 1470 capit
645 1385 774 1471 argenti
798 1386 967 1472 splendor3
993 1393 1105 1473 stupet
1127 1389 1246 1455 Albius
1270 1413 1359 1467 aere3

412 1487 475 1552 Hie
499 1492 608 1553 mutat
630 1510 753 1554 merces
778 1495 933 1574 surgente
957 1513 977 1555 a
1000 1491 1069 1557 sole
1092 1492 1134 1557 ad
1157 1514 1251 1571 eum,
1275 1515 1339 1581 quo

409 1589 605 1676 Vespertina
628 1597 717 1677 tepet
740 1591 846 1677 regio:
871 1593 952 1679 quin
974 1616 1032 1678 per
1053 1591 1142 1661 mala
1164 1618 1316 1683 praeceps

412 1694 544 1778 Fertur,
569 1695 620 1760 uti
642 1695 753 1782 pulvis
778 1696 934 1763 collectus
959 1698 1106 1783 turbine,
1131 1701 1274 1786 nequid

414 1799 551 1864 Summa
574 1799 731 1884 deperdat
752 1805 920 1885 metuens,
946 1806 1003 1866 aut
1026 1802 1162 1889 ampliet
1185 1811 1223 1868 ut
1246 1826 1322 1870 rem.

412 1901 535 1968 Omnes
558 1902 594 1966 hi
617 1906 772 1969 metuunt
793 1925 923 1988 versus,
950 1905 1044 1970 odere
1066 1912 1188 1991 poetas.

412 2005 584 2089 „Faenum
610 2005 710 2072 habet
733 2006 768 2071 in
792 2029 907 2091 cornu,
932 2008 1030 2093 longe
1053 2009 1148 2095 fuge:
1174 2011 1350 2078 dummodo
1373 2011 1476 2079 risum

412 2109 571 2176 Excutiat
593 2111 672 2194 sibi,
696 2133 763 2177 non
785 2111 838 2177 hic
863 2112 1015 2197 cuiquam
1038 2120 1150 2199 parcet
1172 2115 1297 2181 amico:

400 2232 454 2278 Aut
471 2232 504 2279 ab
520 2232 649 2290 avaritia,
666 2237 713 2280 aut
730 2233 822 2281 misera
838 2234 916 2281 amii-
957 2239 1045 2296 stupet
1067 2235 1133 2284 alter
1154 2235 1181 2283 in
1204 2250 1269 2284 nere.
1308 2234 1350 2285 Sic
1376 2235 1459 2285 Satira
1484 2236 1505 2284 I.

368 2312 433 2360 tione
454 2312 560 2360 laborat.
594 2311 650 2359 Iam
672 2311 699 2359 in
720 2310 816 2360 dnobus
839 2311 916 2362 MSS.
958 2326 995 2362 vr.
1015 2312 1505 2378 17111111111111111111119111111.

367 2389 494 2453 legebatur
511 2391 543 2438 011
554 2392 680 2450 avaritia,
697 2391 763 2453 quod
774 2390 916 2439 1111111001-
991 2393 1133 2442 Dummodo
1149 2395 1229 2442 risum
1246 2396 1508 2451 Ε10111111111111,11011

367 2470 461 2519 iectura
477 2471 583 2520 assecuti
599 2478 665 2520 sunt.
698 2472 730 2520 In
751 2470 867 2534 plurimis
887 2473 917 2520 ab
958 2471 999 2520 bic
1015 2472 1132 2533 cuiquam
1147 2478 1239 2534 parcet
1256 2475 1341 2523 amira.
1371 2472 1507 2536 Explicant

368 2554 515 2600 avaritiam.
525 2551 654 2600 Bentleins
663 2551 747 2600 scribit
754 2566 825 2600 casus
833 2557 916 2614 pastu·
957 2551 1005 2598 aas
1020 2563 1065 2612 per
1082 2550 1194 2600 dativum
1211 2553 1346 2611 commodi,
1363 2552 1409 2601 hoc
1425 2560 1463 2600 est
1479 2554 1507 2600 ia

367 2631 415 2681 lari
431 2633 545 2690 cosdem,
561 2647 621 2696 ergo
637 2635 670 2681 ab
681 2633 794 2682 auaritia
805 2638 852 2680 aut
864 2648 915 2680 aaa·
957 2645 1031 2678 auam
1047 2633 1208 2694 voluptatem.
1237 2631 1381 2681 Praestabat
1399 2634 1506 2695 Rntger-

368 2713 471 2768 titione,
493 2710 534 2760 vel
554 2715 584 2761 ab
605 2713 744 2760 avaritiam
762 2717 787 2759 et
803 2713 915 2761 ambitio·
958 2709 1022 2757 sium
1039 2709 1116 2773 sequi,
1133 2711 1158 2759 in
1175 2712 1246 2761 Lect.
1259 2712 1436 2761 Venusxvrr.
1453 2726 1505 2761 cor-

367 2806 429 2840 nem.
470 2789 520 2840 Sed
545 2805 615 2839 casus
640 2805 684 2854 per
709 2791 915 2840 constructionem
958 2789 1092 2852 rigentem:
1110 2792 1226 2840 excutiat
1243 2793 1296 2840 tibi.
1328 2788 1385 2853 Ego
1406 2790 1505 2839 Horatii

367 2883 440 2934 saepe
463 2871 567 2929 mutari,
591 2871 689 2929 etalii,
710 2877 734 2919 et
751 2869 865 2920 Oudend.
883 2872 915 2919 ad
957 2875 1028 2931 puta:
1046 2871 1176 2918 duaznrodo
1193 2870 1274 2918 risum
1299 2871 1441 2927 Excutiat,
1456 2871 1506 2918 sibi

369 2950 471 3000 Sueten.
488 2950 595 3013 Vesper.
614 2951 653 3000 19.
674 2957 759 2998 eontra
775 2949 857 2999 Bentl.
875 2951 915 2998 de·
959 2963 1015 3006 uon,
1032 2963 1077 2998 uec
1094 2949 1212 3010 cuiquam
1226 2953 1317 3009 parret
1333 2949 1421 2997 amico.
1455 2949 1507 2998 Ho-

368 3029 507 3079 sendernnt.
527 3029 584 3078 Iam
601 3031 715 3078 laborare
731 3032 761 3077 111
777 3031 916 3077 auaritiam
959 3042 1001 3076 mo
1017 3027 1062 3075 iste
1079 3027 1145 3075 hune
1161 3026 1235 3075 habet
1251 3027 1379 3085 morbum,
1396 3033 1424 3077 nt
1444 3042 1507 3077 sarn-

368 3124 417 3158 uon
434 3109 484 3157 dici
501 3109 611 3157 videtur:
628 3121 708 3171 neque
722 3107 865 3170 exemplum
879 3110 915 3157 la·
959 3121 1003 3169 por
1020 3105 1151 3169 elabique
1176 3106 1255 3154 risum
1271 3112 1364 3169 captet,
1386 3107 1462 3171 inquo
1478 3123 1508 3157 ec

369 3191 457 3238 horare
472 3191 504 3236 ab
521 3188 633 3237 auaritia
650 3187 711 3236 vidi.
744 3187 859 3236 Fortasse
872 3187 916 3236 ali·
959 3201 1010 3235 non
1034 3186 1081 3235 sibi
1105 3200 1151 3235 1100
1175 3186 1290 3250 cuiquam
1315 3188 1395 3236 amico
1415 3196 1506 3250 parcat.

369 3269 408 3317 ani
423 3268 451 3317 in
469 3273 578 3316 mentem
595 3265 680 3315 veniat
695 3268 727 3315 ab
744 3268 857 3315 avaritia
870 3273 917 3316 aut
959 3266 1117 3325 Aristotcles,
1141 3266 1191 3313 iam
1208 3281 1224 3314 a
1239 3265 1363 3315 Lambino
1379 3266 1508 3327 laudatus,

369 3348 444 3396 miser
461 3347 609 3404 ambitione,
633 3351 662 3392 ut
683 3346 783 3393 laborat
803 3344 917 3393 absolute
960 3345 1001 3393 IV
1018 3347 1049 3394 de
1066 3344 1191 3394 Moribus:
1208 3343 1222 3391 ὁ
1240 3343 1265 3392 dt
1281 3344 1444 3409 βωμολόχος,
1461 3347 1507 3407 ἥτ-

368 3427 477 3489 positum
500 3431 572 3474 esset.
606 3423 656 3475 Sed
677 3437 758 3487 neque
779 3423 825 3471 hoc
846 3421 916 3470 satis-
960 3442 1012 3472 των
1029 3424 1082 3472 ἐστὶ
1099 3425 1144 3473 τοῦ
1157 3423 1266 3487 γελοίου,
1284 3425 1327 3472 καὶ
1347 3424 1403 3473 οὔτε
1417 3424 1507 3476 ἑαυτοῦ

370 3505 440 3565 facit,
459 3512 483 3554 ct
499 3505 611 3554 maxima
627 3502 760 3551 difficultas
784 3515 835 3550 11011
853 3509 918 3550 esset
961 3502 1017 3551 οὔτε
1026 3507 1079 3551 τῶν
1087 3503 1176 3550 ἄλλων
1185 3501 1359 3565 ἀπεχόμενος,
1373 3501 1394 3550 εἰ
1408 3502 1506 3567 γέλωτα

370 3584 473 3633 sublata.
502 3583 564 3644 Quis
576 3583 643 3632 anim
654 3583 779 3631 auaritiae
789 3581 839 3630 iam
851 3596 918 3630 nunc
961 3582 1069 3643 ποιήσει.
1088 3581 1182 3634 Seneca
1193 3582 1223 3630 de
1231 3581 1317 3632 Const.
1334 3581 1458 3646 Sapientis
1469 3586 1506 3638 17.

369 3664 450 3725 loeus,
467 3680 543 3728 qaam
559 3663 644 3713 statim
659 3663 838 3726 reprehendat?
856 3662 917 3712 Sen-
960 3663 1077 3712 Materia
1091 3663 1266 3725 petulantibus
1281 3666 1306 3710 et
1321 3677 1368 3724 per
1384 3669 1507 3714 contume-

370 3745 448 3793 tsntia
473 3752 498 3794 et
522 3759 583 3793 sana
606 3743 670 3792 ratio
695 3742 833 3806 postulant:
862 3746 918 3793 Aut
960 3743 1023 3790 liam
1040 3744 1146 3792 urbanis
1163 3742 1323 3800 detrahitur,
1348 3743 1372 3790 si
1388 3745 1505 3793 11111011-

370 3828 455 3889 aliquc
476 3826 537 3873 uitio
556 3824 917 3872 0111111101110111111110110111-
959 3824 1011 3871 10111
1027 3829 1053 3872 et
1067 3826 1142 3887 prior
1157 3836 1266 3886 occupes.
1295 3823 1376 3872 Nemo
1397 3826 1456 3873 aliis
1472 3827 1507 3874 ri·

371 3908 451 3955 barat.
484 3903 565 3952 Varia
586 3916 678 3966 genera
699 3901 818 3950 vitiorum
837 3902 864 3950 in
880 3917 917 3952 sc·
959 3916 1014 3951 sum
1028 3905 1156 3965 praebuit,
1173 3903 1218 3965 qui
1234 3918 1266 3951 ea
1281 3916 1306 3951 se
1321 3904 1410 3965 caepit.
1436 3906 1507 3953 Vati-

371 3980 917 4051 qaentibustangit.Ambitionemappcllassc
959 3984 1030 4032 nium
1047 3985 1169 4032 bominem
1185 3989 1276 4031 autum
1292 3987 1318 4031 et
1334 3985 1370 4032 cd
1384 3985 1465 4033 risum
1482 3992 1507 4034 et

372 4078 421 4113 uno
443 4062 564 4113 vocabulo
592 4064 710 4110 mucram
733 4062 793 4109 satis
818 4060 916 4111 habuit:
960 4065 995 4111 acl
1010 4064 1108 4120 odium,
1133 4076 1250 4111 scurram
1269 4061 1354 4123 fuisse
1374 4069 1507 4112 venustum

372 4156 451 4207 nequc
467 4141 523 4205 ipsa
538 4141 574 4189 sie
590 4141 621 4188 ad
638 4141 704 4188 vitia
720 4139 834 4188 refertur.
959 4158 990 4193 aa
1006 4145 1128 4200 dicacem,
1152 4144 1285 4190 memoriae
1307 4142 1438 4204 proditum
1462 4148 1506 4190 ert.

405 4226 499 4284 Stupet
516 4223 606 4269 Albius
621 4235 685 4268 aere.
719 4219 818 4283 Ubique
835 4220 859 4268 in
871 4222 918 4270 hac
960 4225 996 4271 Iu
1009 4223 1085 4284 pedes
1100 4235 1158 4269 suos
1174 4221 1227 4281 ipse
1237 4221 1352 4281 plurima
1365 4221 1470 4279 dicebat,
1481 4228 1506 4270 et

372 4301 510 4350 studiorum
532 4299 673 4348 diversitate
701 4300 842 4348 nominibus
863 4315 917 4363 pro·
960 4303 988 4350 iu
1004 4301 1097 4363 fauces
1122 4301 1239 4348 ammiras.
1278 4298 1360 4359 Quam
1387 4300 1507 4349 Horatius

372 4382 431 4444 priis
448 4380 560 4429 abstinet.
587 4377 640 4428 Cur
656 4378 696 4427 hic
714 4378 796 4427 solum
815 4381 919 4429 Albium
960 4380 1007 4428 sibi
1023 4394 1073 4428 non
1089 4384 1187 4441 pareat,
1206 4377 1247 4426 vel
1265 4393 1297 4426 ex
1314 4377 1397 4428 Satira
1413 4379 1450 4428 11.
1467 4394 1506 4429 111.

373 4451 525 4510 nominaret?
550 4460 605 4508 Hoc
621 4465 750 4521 propterca
766 4472 863 4522 quoque
879 4473 919 4506 su-
960 4461 1017 4520 301,
1034 4460 1072 4509 II.
1084 4473 1131 4508 vn.
1143 4465 1167 4507 et
1178 4458 1235 4506 aliis
1250 4458 1311 4507 locis
1327 4466 1436 4521 apparet.
1458 4462 1506 4511 At-

373 4548 482 4604 spectnm
505 4545 554 4597 est,
575 4539 640 4601 qnod
661 4538 688 4585 in
709 4539 794 4586 codem
811 4539 920 4587 carmine
961 4555 1010 4604 que
1018 4539 1064 4588 hoc
1076 4537 1179 4587 faciebat
1190 4537 1300 4586 imitatus
1311 4539 1447 4600 Lucilium,
1460 4543 1506 4591 sic·

374 4636 409 4669 vs.
432 4622 487 4671 109.
512 4619 593 4667 filium
621 4618 691 4668 Albii
712 4626 839 4682 tamquam
856 4623 921 4669 male
962 4621 999 4668 uti
1015 4626 1100 4683 postea
1116 4617 1232 4677 Persius,
1255 4619 1286 4667 de
1300 4633 1350 4682 quo
1361 4619 1506 4679 Suetonius,

374 4704 495 4751 urentem
521 4699 612 4762 culpat.
656 4698 749 4748 Melius
775 4690 920 4763 scripsisset:
964 4714 996 4748 an
1014 4699 1165 4757 Scholiasta,
1191 4698 1216 4746 in
1234 4698 1295 4748 Vita
1312 4700 1404 4749 Persii:
1433 4703 1507 4751 Lecto
