<?xml version="1.0" encoding="UTF-8"?>
<!DOCTYPE html PUBLIC "-//W3C//DTD XHTML 1.0 Transitional//EN"
    "http://www.w3.org/TR/xhtml1/DTD/xhtml1-transitional.dtd">
<html xmlns="http://www.w3.org/1999/xhtml" xml:lang="en" lang="en">
 <head>
  <title>
</title>
<meta http-equiv="Content-Type" content="text/html;charset=utf-8" />
  <meta name='ocr-system' content='tesseract 3.04.00' />
  <meta name='ocr-capabilities' content='ocr_page ocr_carea ocr_par ocr_line ocrx_word'/>
</head>
<body>
  <div class='ocr_page' id='page_1' title='image "./qhoratiiflaccis00peergoog_0060.png"; bbox 0 0 3750 5759; ppageno 0'>
   <div class='ocr_carea' id='block_1_1' title="bbox 367 695 1112 762">
    <p class='ocr_par' dir='ltr' id='par_1_1' title="bbox 367 695 1112 762">
     <span class='ocr_line' id='line_1_1' title="bbox 367 695 1112 762; baseline 0.003 -4"><span class='ocrx_word' id='word_1_1' title='bbox 367 697 409 759; x_wconf 79' lang='lat'>36</span> <span class='ocrx_word' id='word_1_2' title='bbox 761 695 1112 762; x_wconf 83' lang='lat' dir='ltr'>SATIRARUM</span> 
     </span>
    </p>
   </div>
   <div class='ocr_carea' id='block_1_2' title="bbox 412 878 1392 1176">
    <p class='ocr_par' dir='ltr' id='par_1_2' title="bbox 412 878 1392 1176">
     <span class='ocr_line' id='line_1_2' title="bbox 412 878 1235 968; baseline 0.005 -26"><span class='ocrx_word' id='word_1_3' title='bbox 412 878 616 945; x_wconf 79' lang='lat' dir='ltr'>Comminxit</span> <span class='ocrx_word' id='word_1_4' title='bbox 638 880 761 947; x_wconf 85' lang='lat' dir='ltr'>lectum</span> <span class='ocrx_word' id='word_1_5' title='bbox 784 888 883 968; x_wconf 88' lang='lat' dir='ltr'>potus</span> <span class='ocrx_word' id='word_1_6' title='bbox 908 903 1062 948; x_wconf 80' lang='lat' dir='ltr'>mensave</span> <span class='ocrx_word' id='word_1_7' title='bbox 1086 882 1235 948; x_wconf 88' lang='lat' dir='ltr'>catillum</span> 
     </span>
     <span class='ocr_line' id='line_1_3' title="bbox 414 981 1315 1068; baseline 0.006 -23"><span class='ocrx_word' id='word_1_8' title='bbox 414 981 558 1047; x_wconf 82' lang='lat' dir='ltr'>Evandri</span> <span class='ocrx_word' id='word_1_9' title='bbox 581 985 733 1052; x_wconf 87' lang='lat' dir='ltr'>manibus</span> <span class='ocrx_word' id='word_1_10' title='bbox 757 985 874 1051; x_wconf 89' lang='lat' dir='ltr'>tritum</span> <span class='ocrx_word' id='word_1_11' title='bbox 896 985 1034 1064; x_wconf 84' lang='lat' dir='ltr'>deiecit3</span> <span class='ocrx_word' id='word_1_12' title='bbox 1059 986 1100 1052; x_wconf 88' lang='lat' dir='ltr'>ab</span> <span class='ocrx_word' id='word_1_13' title='bbox 1120 987 1205 1052; x_wconf 86' lang='lat' dir='ltr'>hanc</span> <span class='ocrx_word' id='word_1_14' title='bbox 1225 1007 1294 1051; x_wconf 87' lang='lat' dir='ltr'>rem</span> <span class='ocrx_word' id='word_1_15' title='bbox 1306 1033 1315 1068; x_wconf 87' lang='lat'>‚</span> 
     </span>
     <span class='ocr_line' id='line_1_4' title="bbox 412 1084 1392 1176; baseline 0.004 -28"><span class='ocrx_word' id='word_1_16' title='bbox 412 1084 482 1149; x_wconf 87' lang='lat' dir='ltr'>Aut</span> <span class='ocrx_word' id='word_1_17' title='bbox 503 1086 648 1173; x_wconf 87' lang='lat' dir='ltr'>positum</span> <span class='ocrx_word' id='word_1_18' title='bbox 672 1095 749 1155; x_wconf 86' lang='lat' dir='ltr'>ante</span> <span class='ocrx_word' id='word_1_19' title='bbox 769 1111 843 1155; x_wconf 90' lang='lat' dir='ltr'>mea</span> <span class='ocrx_word' id='word_1_20' title='bbox 867 1089 944 1175; x_wconf 88' lang='lat' dir='ltr'>quia</span> <span class='ocrx_word' id='word_1_21' title='bbox 966 1090 1096 1175; x_wconf 89' lang='lat' dir='ltr'>pullum</span> <span class='ocrx_word' id='word_1_22' title='bbox 1117 1089 1152 1154; x_wconf 86' lang='lat' dir='ltr'>in</span> <span class='ocrx_word' id='word_1_23' title='bbox 1173 1095 1266 1176; x_wconf 83' lang='lat' dir='ltr'>parte</span> <span class='ocrx_word' id='word_1_24' title='bbox 1289 1088 1392 1155; x_wconf 86' lang='lat' dir='ltr'>catini</span> 
     </span>
    </p>
   </div>
   <div class='ocr_carea' id='block_1_3' title="bbox 310 1213 1511 4775">
    <p class='ocr_par' dir='ltr' id='par_1_3' title="bbox 310 1213 1511 4775">
     <span class='ocr_line' id='line_1_5' title="bbox 367 1213 1506 1282; baseline -0.004 -15"><span class='ocrx_word' id='word_1_25' title='bbox 367 1226 460 1282; x_wconf 86' lang='lat' dir='ltr'>sponte,</span> <span class='ocrx_word' id='word_1_26' title='bbox 473 1234 522 1269; x_wconf 91' lang='lat' dir='ltr'>non</span> <span class='ocrx_word' id='word_1_27' title='bbox 534 1221 658 1280; x_wconf 85' lang='lat' dir='ltr'>resistens,</span> <span class='ocrx_word' id='word_1_28' title='bbox 669 1221 723 1270; x_wconf 82' lang='lat' dir='ltr'>neci</span> <span class='ocrx_word' id='word_1_29' title='bbox 735 1220 813 1270; x_wconf 82' lang='lat' dir='ltr'>offert.</span> <span class='ocrx_word' id='word_1_30' title='bbox 836 1220 916 1268; x_wconf 81' lang='lat' dir='ltr'><strong>Tacit.</strong></span> <span class='ocrx_word' id='word_1_31' title='bbox 959 1231 1010 1267; x_wconf 92' lang='lat' dir='ltr'>non</span> <span class='ocrx_word' id='word_1_32' title='bbox 1035 1217 1139 1267; x_wconf 82' lang='lat' dir='ltr'>teritur?</span> <span class='ocrx_word' id='word_1_33' title='bbox 1181 1217 1287 1266; x_wconf 89' lang='lat' dir='ltr'>Minima</span> <span class='ocrx_word' id='word_1_34' title='bbox 1312 1213 1421 1280; x_wconf 84' lang='lat' dir='ltr'>profecta</span> <span class='ocrx_word' id='word_1_35' title='bbox 1444 1213 1506 1263; x_wconf 92' lang='lat' dir='ltr'>illud</span> 
     </span>
     <span class='ocr_line' id='line_1_6' title="bbox 366 1293 1507 1364; baseline -0.004 -18"><span class='ocrx_word' id='word_1_36' title='bbox 366 1298 462 1347; x_wconf 71' lang='lat' dir='ltr'>Annal,</span> <span class='ocrx_word' id='word_1_37' title='bbox 479 1299 555 1349; x_wconf 88' lang='lat' dir='ltr'>XVI.</span> <span class='ocrx_word' id='word_1_38' title='bbox 571 1301 612 1349; x_wconf 73' lang='grc'>35.</span> <span class='ocrx_word' id='word_1_39' title='bbox 623 1301 654 1349; x_wconf 88' lang='lat' dir='ltr'>da</span> <span class='ocrx_word' id='word_1_40' title='bbox 666 1299 791 1359; x_wconf 83' lang='lat' dir='ltr'>Thrasea,</span> <span class='ocrx_word' id='word_1_41' title='bbox 807 1300 851 1364; x_wconf 90' lang='lat' dir='ltr'>qui</span> <span class='ocrx_word' id='word_1_42' title='bbox 860 1315 917 1364; x_wconf 86' lang='lat' dir='ltr'>par·</span> <span class='ocrx_word' id='word_1_43' title='bbox 959 1297 1102 1346; x_wconf 88' lang='lat' dir='ltr'>mirandum</span> <span class='ocrx_word' id='word_1_44' title='bbox 1119 1296 1145 1344; x_wconf 93' lang='lat' dir='ltr'>in</span> <span class='ocrx_word' id='word_1_45' title='bbox 1162 1297 1257 1345; x_wconf 66' lang='lat' dir='ltr'>catulis</span> <span class='ocrx_word' id='word_1_46' title='bbox 1272 1296 1317 1344; x_wconf 92' lang='lat' dir='ltr'>diu</span> <span class='ocrx_word' id='word_1_47' title='bbox 1328 1302 1353 1344; x_wconf 89' lang='lat' dir='ltr'>et</span> <span class='ocrx_word' id='word_1_48' title='bbox 1363 1308 1437 1358; x_wconf 82' lang='lat' dir='ltr'>saepe</span> <span class='ocrx_word' id='word_1_49' title='bbox 1450 1293 1507 1343; x_wconf 86' lang='lat' dir='ltr'>vino</span> 
     </span>
     <span class='ocr_line' id='line_1_7' title="bbox 367 1373 1505 1442; baseline -0.001 -18"><span class='ocrx_word' id='word_1_50' title='bbox 367 1380 444 1427; x_wconf 78' lang='lat' dir='ltr'>rectia</span> <span class='ocrx_word' id='word_1_51' title='bbox 460 1381 590 1442; x_wconf 74' lang='lat' dir='ltr'>utriusque</span> <span class='ocrx_word' id='word_1_52' title='bbox 605 1379 704 1429; x_wconf 80' lang='lat' dir='ltr'>brachii</span> <span class='ocrx_word' id='word_1_53' title='bbox 721 1381 791 1428; x_wconf 76' lang='lat' dir='ltr'>aenis</span> <span class='ocrx_word' id='word_1_54' title='bbox 805 1395 918 1429; x_wconf 80' lang='lat' dir='ltr'>cruorem</span> <span class='ocrx_word' id='word_1_55' title='bbox 959 1377 1072 1425; x_wconf 90' lang='lat' dir='ltr'>madidis.</span> <span class='ocrx_word' id='word_1_56' title='bbox 1106 1376 1153 1424; x_wconf 86' lang='lat' dir='ltr'>Est</span> <span class='ocrx_word' id='word_1_57' title='bbox 1175 1375 1240 1438; x_wconf 88' lang='lat' dir='ltr'>apud</span> <span class='ocrx_word' id='word_1_58' title='bbox 1262 1373 1372 1424; x_wconf 87' lang='lat' dir='ltr'>Martial.</span> <span class='ocrx_word' id='word_1_59' title='bbox 1394 1373 1444 1423; x_wconf 86' lang='lat' dir='ltr'>XI.</span> <span class='ocrx_word' id='word_1_60' title='bbox 1468 1375 1505 1423; x_wconf 86' lang='lat'>12.</span> 
     </span>
     <span class='ocr_line' id='line_1_8' title="bbox 366 1453 1506 1518; baseline -0.001 -15"><span class='ocrx_word' id='word_1_61' title='bbox 366 1455 468 1518; x_wconf 79' lang='lat' dir='ltr'>effudit.</span> <span class='ocrx_word' id='word_1_62' title='bbox 513 1456 643 1506; x_wconf 76' lang='lat' dir='ltr'><strong>Plutarch.</strong></span> <span class='ocrx_word' id='word_1_63' title='bbox 672 1458 702 1505; x_wconf 88' lang='lat' dir='ltr'>de</span> <span class='ocrx_word' id='word_1_64' title='bbox 730 1456 850 1507; x_wconf 83' lang='lat' dir='ltr'>Cicerone</span> <span class='ocrx_word' id='word_1_65' title='bbox 877 1457 917 1506; x_wconf 79' lang='grc'>48.</span> <span class='ocrx_word' id='word_1_66' title='bbox 959 1454 1113 1518; x_wconf 82' lang='lat' dir='ltr'>epigramma</span> <span class='ocrx_word' id='word_1_67' title='bbox 1137 1455 1203 1517; x_wconf 89' lang='lat' dir='ltr'>quod</span> <span class='ocrx_word' id='word_1_68' title='bbox 1228 1459 1338 1502; x_wconf 88' lang='lat' dir='ltr'>nostram</span> <span class='ocrx_word' id='word_1_69' title='bbox 1366 1453 1506 1518; x_wconf 82' lang='lat' dir='ltr'><strong>opinionem</strong></span> 
     </span>
     <span class='ocr_line' id='line_1_9' title="bbox 368 1533 1506 1602; baseline -0.001 -19"><span class='ocrx_word' id='word_1_70' title='bbox 368 1535 462 1600; x_wconf 81' lang='grc' dir='ltr'>ἐσφάγη</span> <span class='ocrx_word' id='word_1_71' title='bbox 485 1538 530 1586; x_wconf 82' lang='grc' dir='ltr'>τὸν</span> <span class='ocrx_word' id='word_1_72' title='bbox 552 1537 683 1601; x_wconf 82' lang='grc' dir='ltr'>τράχηλον</span> <span class='ocrx_word' id='word_1_73' title='bbox 706 1537 734 1585; x_wconf 75' lang='grc' dir='ltr'>ἐκ</span> <span class='ocrx_word' id='word_1_74' title='bbox 756 1539 800 1586; x_wconf 80' lang='grc' dir='ltr'>τοῦ</span> <span class='ocrx_word' id='word_1_75' title='bbox 818 1537 918 1602; x_wconf 81' lang='grc' dir='ltr'>φορείου</span> <span class='ocrx_word' id='word_1_76' title='bbox 959 1534 1099 1583; x_wconf 80' lang='lat' dir='ltr'>confirmat:</span> <span class='ocrx_word' id='word_1_77' title='bbox 1121 1534 1204 1591; x_wconf 84' lang='lat' dir='ltr'><em>Tolle,</em></span> <span class='ocrx_word' id='word_1_78' title='bbox 1225 1548 1303 1595; x_wconf 84' lang='lat' dir='ltr'>puer,</span> <span class='ocrx_word' id='word_1_79' title='bbox 1325 1533 1428 1592; x_wconf 62' lang='lat' dir='ltr'>calmes,</span> <span class='ocrx_word' id='word_1_80' title='bbox 1445 1534 1506 1596; x_wconf 74' lang='lat' dir='ltr'>tepi·</span> 
     </span>
     <span class='ocr_line' id='line_1_10' title="bbox 368 1613 1506 1678; baseline -0.002 -16"><span class='ocrx_word' id='word_1_81' title='bbox 368 1615 512 1678; x_wconf 81' lang='grc' dir='ltr'>προτείνας.</span> <span class='ocrx_word' id='word_1_82' title='bbox 538 1615 917 1674; x_wconf 77' lang='lat' dir='ltr'>Rusa,ut00mmentatornar·</span> <span class='ocrx_word' id='word_1_83' title='bbox 958 1614 1032 1676; x_wconf 78' lang='lat' dir='ltr'>alique</span> <span class='ocrx_word' id='word_1_84' title='bbox 1048 1618 1190 1665; x_wconf 79' lang='lat' dir='ltr'><strong><em>toreumata</em></strong></span> <span class='ocrx_word' id='word_1_85' title='bbox 1207 1613 1278 1670; x_wconf 79' lang='lat' dir='ltr'>Nili,</span> <span class='ocrx_word' id='word_1_86' title='bbox 1296 1613 1335 1660; x_wconf 83' lang='lat' dir='ltr'>Et</span> <span class='ocrx_word' id='word_1_87' title='bbox 1345 1613 1409 1661; x_wconf 80' lang='lat' dir='ltr'>mihi</span> <span class='ocrx_word' id='word_1_88' title='bbox 1419 1626 1506 1662; x_wconf 82' lang='lat' dir='ltr'>secura</span> 
     </span>
     <span class='ocr_line' id='line_1_11' title="bbox 367 1692 1505 1758; baseline -0.001 -17"><span class='ocrx_word' id='word_1_89' title='bbox 367 1701 418 1752; x_wconf 87' lang='lat' dir='ltr'>rat,</span> <span class='ocrx_word' id='word_1_90' title='bbox 445 1701 470 1742; x_wconf 92' lang='lat' dir='ltr'>et</span> <span class='ocrx_word' id='word_1_91' title='bbox 491 1693 629 1743; x_wconf 85' lang='lat' dir='ltr'>foenerator</span> <span class='ocrx_word' id='word_1_92' title='bbox 651 1701 676 1742; x_wconf 93' lang='lat' dir='ltr'>et</span> <span class='ocrx_word' id='word_1_93' title='bbox 705 1694 917 1758; x_wconf 81' lang='lat' dir='ltr'>historiographus</span> <span class='ocrx_word' id='word_1_94' title='bbox 955 1693 1048 1754; x_wconf 86' lang='lat' dir='ltr'>pocula</span> <span class='ocrx_word' id='word_1_95' title='bbox 1063 1693 1137 1741; x_wconf 83' lang='lat' dir='ltr'>trade</span> <span class='ocrx_word' id='word_1_96' title='bbox 1152 1707 1244 1749; x_wconf 86' lang='lat' dir='ltr'>mauu,</span> <span class='ocrx_word' id='word_1_97' title='bbox 1263 1692 1339 1740; x_wconf 78' lang='lat' dir='ltr'>Trita</span> <span class='ocrx_word' id='word_1_98' title='bbox 1354 1693 1505 1755; x_wconf 83' lang='lat' dir='ltr'>patrumla-</span> 
     </span>
     <span class='ocr_line' id='line_1_12' title="bbox 367 1772 1507 1836; baseline 0 -15"><span class='ocrx_word' id='word_1_99' title='bbox 367 1774 465 1836; x_wconf 85' lang='lat' dir='ltr'>ineptus</span> <span class='ocrx_word' id='word_1_100' title='bbox 482 1779 542 1823; x_wconf 88' lang='lat' dir='ltr'>erat.</span> <span class='ocrx_word' id='word_1_101' title='bbox 575 1774 616 1822; x_wconf 93' lang='lat' dir='ltr'>De</span> <span class='ocrx_word' id='word_1_102' title='bbox 638 1773 738 1822; x_wconf 84' lang='lat' dir='ltr'>homino</span> <span class='ocrx_word' id='word_1_103' title='bbox 759 1774 825 1822; x_wconf 91' lang='lat' dir='ltr'>haud</span> <span class='ocrx_word' id='word_1_104' title='bbox 847 1774 917 1822; x_wconf 89' lang='lat' dir='ltr'>dissi-</span> <span class='ocrx_word' id='word_1_105' title='bbox 959 1773 1023 1831; x_wconf 80' lang='lat' dir='ltr'>bris,</span> <span class='ocrx_word' id='word_1_106' title='bbox 1040 1777 1065 1821; x_wconf 87' lang='lat' dir='ltr'>et</span> <span class='ocrx_word' id='word_1_107' title='bbox 1081 1777 1150 1821; x_wconf 84' lang='lat' dir='ltr'>tonsa</span> <span class='ocrx_word' id='word_1_108' title='bbox 1158 1786 1228 1834; x_wconf 85' lang='lat' dir='ltr'>pura</span> <span class='ocrx_word' id='word_1_109' title='bbox 1238 1772 1366 1830; x_wconf 63' lang='lat' dir='ltr'>arinulam</span> <span class='ocrx_word' id='word_1_110' title='bbox 1380 1773 1507 1836; x_wconf 72' lang='lat' dir='ltr'>Antiquae</span> 
     </span>
     <span class='ocr_line' id='line_1_13' title="bbox 367 1851 1506 1916; baseline -0.003 -15"><span class='ocrx_word' id='word_1_111' title='bbox 367 1853 423 1902; x_wconf 93' lang='lat' dir='ltr'>mili</span> <span class='ocrx_word' id='word_1_112' title='bbox 447 1852 541 1903; x_wconf 88' lang='lat' dir='ltr'>Seneca</span> <span class='ocrx_word' id='word_1_113' title='bbox 557 1853 637 1916; x_wconf 82' lang='lat' dir='ltr'>Epist.</span> <span class='ocrx_word' id='word_1_114' title='bbox 654 1853 693 1902; x_wconf 77' lang='lat'>95.</span> <span class='ocrx_word' id='word_1_115' title='bbox 729 1855 861 1903; x_wconf 73' lang='lat' dir='ltr'><strong><em>Recitator</em></strong></span> <span class='ocrx_word' id='word_1_116' title='bbox 879 1856 916 1902; x_wconf 83' lang='lat' dir='ltr'>hi·</span> <span class='ocrx_word' id='word_1_117' title='bbox 959 1853 1051 1900; x_wconf 73' lang='lat' dir='ltr'>niensis</span> <span class='ocrx_word' id='word_1_118' title='bbox 1067 1853 1222 1901; x_wconf 78' lang='lat' dir='ltr'>restituatur</span> <span class='ocrx_word' id='word_1_119' title='bbox 1234 1853 1314 1901; x_wconf 80' lang='lat' dir='ltr'>honos.</span> <span class='ocrx_word' id='word_1_120' title='bbox 1349 1851 1378 1902; x_wconf 86' lang='lat' dir='ltr'>si</span> <span class='ocrx_word' id='word_1_121' title='bbox 1388 1851 1506 1910; x_wconf 87' lang='lat' dir='ltr'>Horatius</span> 
     </span>
     <span class='ocr_line' id='line_1_14' title="bbox 358 1925 1506 1996; baseline -0.002 -15"><span class='ocrx_word' id='word_1_122' title='bbox 358 1925 476 1982; x_wconf 61' lang='lat' dir='ltr'>&#39;storiam</span> <span class='ocrx_word' id='word_1_123' title='bbox 492 1934 617 1995; x_wconf 68' lang='lat' dir='ltr'>iacentem</span> <span class='ocrx_word' id='word_1_124' title='bbox 633 1934 739 1991; x_wconf 82' lang='lat' dir='ltr'>attulit,</span> <span class='ocrx_word' id='word_1_125' title='bbox 751 1934 918 1981; x_wconf 78' lang='lat' dir='ltr'>minutissime</span> <span class='ocrx_word' id='word_1_126' title='bbox 959 1931 1000 1980; x_wconf 90' lang='lat' dir='ltr'>hic</span> <span class='ocrx_word' id='word_1_127' title='bbox 1015 1933 1150 1996; x_wconf 82' lang='lat' dir='ltr'>scripsisset</span> <span class='ocrx_word' id='word_1_128' title='bbox 1172 1931 1290 1980; x_wconf 82' lang='lat' dir='ltr'>Euandri</span> <span class='ocrx_word' id='word_1_129' title='bbox 1310 1932 1392 1980; x_wconf 82' lang='lat' dir='ltr'>labris</span> <span class='ocrx_word' id='word_1_130' title='bbox 1408 1933 1506 1990; x_wconf 79' lang='lat' dir='ltr'>tritum,</span> 
     </span>
     <span class='ocr_line' id='line_1_15' title="bbox 366 2009 1504 2075; baseline -0.001 -15"><span class='ocrx_word' id='word_1_131' title='bbox 366 2014 502 2075; x_wconf 73' lang='lat' dir='ltr'>scriptam,</span> <span class='ocrx_word' id='word_1_132' title='bbox 519 2012 659 2061; x_wconf 73' lang='lat' dir='ltr'>arctbsc&#39;me</span> <span class='ocrx_word' id='word_1_133' title='bbox 666 2012 807 2072; x_wconf 70' lang='lat' dir='ltr'>plicatam,</span> <span class='ocrx_word' id='word_1_134' title='bbox 824 2017 850 2061; x_wconf 85' lang='lat' dir='ltr'>et</span> <span class='ocrx_word' id='word_1_135' title='bbox 866 2028 918 2059; x_wconf 76' lang='lat' dir='ltr'>aaa·</span> <span class='ocrx_word' id='word_1_136' title='bbox 959 2023 1033 2059; x_wconf 87' lang='lat' dir='ltr'>nemo</span> <span class='ocrx_word' id='word_1_137' title='bbox 1055 2012 1085 2059; x_wconf 92' lang='lat' dir='ltr'>dc</span> <span class='ocrx_word' id='word_1_138' title='bbox 1113 2010 1206 2059; x_wconf 85' lang='lat' dir='ltr'>artifice</span> <span class='ocrx_word' id='word_1_139' title='bbox 1227 2009 1347 2058; x_wconf 84' lang='lat' dir='ltr'>Euandro</span> <span class='ocrx_word' id='word_1_140' title='bbox 1368 2009 1504 2073; x_wconf 82' lang='lat' dir='ltr'>cogitasset.</span> 
     </span>
     <span class='ocr_line' id='line_1_16' title="bbox 366 2088 1506 2154; baseline -0.001 -15"><span class='ocrx_word' id='word_1_141' title='bbox 366 2106 417 2152; x_wconf 69' lang='lat' dir='ltr'>aaa</span> <span class='ocrx_word' id='word_1_142' title='bbox 430 2097 508 2153; x_wconf 80' lang='lat' dir='ltr'>parte</span> <span class='ocrx_word' id='word_1_143' title='bbox 526 2091 652 2154; x_wconf 81' lang='lat' dir='ltr'>perlecta:</span> <span class='ocrx_word' id='word_1_144' title='bbox 675 2092 804 2150; x_wconf 69' lang='lat' dir='ltr'>desinaus,</span> <span class='ocrx_word' id='word_1_145' title='bbox 820 2092 918 2153; x_wconf 76' lang='lat' dir='ltr'>iuquit,</span> <span class='ocrx_word' id='word_1_146' title='bbox 960 2088 1010 2138; x_wconf 88' lang='lat' dir='ltr'>Sed</span> <span class='ocrx_word' id='word_1_147' title='bbox 1033 2090 1149 2138; x_wconf 74' lang='lat' dir='ltr'>aeonibus</span> <span class='ocrx_word' id='word_1_148' title='bbox 1169 2091 1270 2148; x_wconf 79' lang='lat' dir='ltr'>tritum,</span> <span class='ocrx_word' id='word_1_149' title='bbox 1296 2103 1344 2138; x_wconf 90' lang='lat' dir='ltr'>asu</span> <span class='ocrx_word' id='word_1_150' title='bbox 1365 2089 1506 2153; x_wconf 88' lang='lat' dir='ltr'>quotidiano</span> 
     </span>
     <span class='ocr_line' id='line_1_17' title="bbox 367 2167 1505 2226; baseline 0 -9"><span class='ocrx_word' id='word_1_151' title='bbox 367 2171 391 2217; x_wconf 83' lang='lat' dir='ltr'>ai</span> <span class='ocrx_word' id='word_1_152' title='bbox 407 2171 491 2220; x_wconf 83' lang='lat' dir='ltr'>vultis.</span> <span class='ocrx_word' id='word_1_153' title='bbox 526 2170 705 2219; x_wconf 78' lang='lat' dir='ltr'>declamatur.-</span> <span class='ocrx_word' id='word_1_154' title='bbox 722 2170 918 2226; x_wconf 78' lang='lat' dir='ltr'>recita‚recita,</span> <span class='ocrx_word' id='word_1_155' title='bbox 960 2168 1059 2226; x_wconf 86' lang='lat' dir='ltr'>tritam,</span> <span class='ocrx_word' id='word_1_156' title='bbox 1075 2168 1162 2216; x_wconf 89' lang='lat' dir='ltr'>eodem</span> <span class='ocrx_word' id='word_1_157' title='bbox 1178 2167 1248 2216; x_wconf 86' lang='lat' dir='ltr'>redit.</span> <span class='ocrx_word' id='word_1_158' title='bbox 1267 2169 1365 2217; x_wconf 86' lang='lat' dir='ltr'>Pocula</span> <span class='ocrx_word' id='word_1_159' title='bbox 1382 2175 1466 2217; x_wconf 87' lang='lat' dir='ltr'>antem</span> <span class='ocrx_word' id='word_1_160' title='bbox 1481 2169 1505 2217; x_wconf 94' lang='lat' dir='ltr'>in</span> 
     </span>
     <span class='ocr_line' id='line_1_18' title="bbox 368 2246 1505 2311; baseline -0.001 -14"><span class='ocrx_word' id='word_1_161' title='bbox 368 2250 401 2297; x_wconf 86' lang='lat' dir='ltr'>ab</span> <span class='ocrx_word' id='word_1_162' title='bbox 417 2251 468 2307; x_wconf 82' lang='lat' dir='ltr'>his,</span> <span class='ocrx_word' id='word_1_163' title='bbox 493 2249 538 2311; x_wconf 82' lang='lat' dir='ltr'>qui</span> <span class='ocrx_word' id='word_1_164' title='bbox 562 2250 636 2298; x_wconf 82' lang='lat' dir='ltr'>illum</span> <span class='ocrx_word' id='word_1_165' title='bbox 661 2250 825 2299; x_wconf 79' lang='lat' dir='ltr'>obmutescere</span> <span class='ocrx_word' id='word_1_166' title='bbox 849 2248 919 2298; x_wconf 78' lang='lat' dir='ltr'>illico</span> <span class='ocrx_word' id='word_1_167' title='bbox 960 2246 1079 2296; x_wconf 86' lang='lat' dir='ltr'>Martiale</span> <span class='ocrx_word' id='word_1_168' title='bbox 1090 2253 1149 2295; x_wconf 92' lang='lat' dir='ltr'>sunt</span> <span class='ocrx_word' id='word_1_169' title='bbox 1159 2261 1256 2310; x_wconf 90' lang='lat' dir='ltr'>quoque</span> <span class='ocrx_word' id='word_1_170' title='bbox 1260 2246 1369 2308; x_wconf 81' lang='lat' dir='ltr'>fictilia,</span> <span class='ocrx_word' id='word_1_171' title='bbox 1380 2249 1446 2311; x_wconf 92' lang='lat' dir='ltr'>quod</span> <span class='ocrx_word' id='word_1_172' title='bbox 1457 2263 1505 2296; x_wconf 90' lang='lat' dir='ltr'>ma·</span> 
     </span>
     <span class='ocr_line' id='line_1_19' title="bbox 367 2324 1506 2390; baseline 0.001 -15"><span class='ocrx_word' id='word_1_173' title='bbox 367 2328 482 2390; x_wconf 81' lang='lat' dir='ltr'>cupiunt.</span> <span class='ocrx_word' id='word_1_174' title='bbox 521 2326 616 2376; x_wconf 89' lang='lat' dir='ltr'>Locum</span> <span class='ocrx_word' id='word_1_175' title='bbox 652 2326 702 2375; x_wconf 89' lang='lat' dir='ltr'>iam</span> <span class='ocrx_word' id='word_1_176' title='bbox 733 2335 919 2390; x_wconf 78' lang='lat' dir='ltr'>comparaverat</span> <span class='ocrx_word' id='word_1_177' title='bbox 960 2339 1008 2374; x_wconf 91' lang='lat' dir='ltr'>nus</span> <span class='ocrx_word' id='word_1_178' title='bbox 1025 2339 1120 2384; x_wconf 85' lang='lat' dir='ltr'>secura,</span> <span class='ocrx_word' id='word_1_179' title='bbox 1131 2341 1181 2375; x_wconf 90' lang='lat' dir='ltr'>non</span> <span class='ocrx_word' id='word_1_180' title='bbox 1193 2324 1299 2374; x_wconf 86' lang='lat' dir='ltr'>sollicita</span> <span class='ocrx_word' id='word_1_181' title='bbox 1308 2340 1341 2374; x_wconf 92' lang='lat' dir='ltr'>ne</span> <span class='ocrx_word' id='word_1_182' title='bbox 1352 2324 1506 2390; x_wconf 83' lang='lat' dir='ltr'>frangantur,</span> 
     </span>
     <span class='ocr_line' id='line_1_20' title="bbox 369 2405 1505 2467; baseline 0.001 -13"><span class='ocrx_word' id='word_1_183' title='bbox 369 2405 573 2454; x_wconf 86' lang='lat' dir='ltr'>Wustemannns.</span> <span class='ocrx_word' id='word_1_184' title='bbox 960 2411 985 2452; x_wconf 90' lang='lat' dir='ltr'>et</span> <span class='ocrx_word' id='word_1_185' title='bbox 995 2405 1110 2467; x_wconf 87' lang='lat' dir='ltr'>antiquus</span> <span class='ocrx_word' id='word_1_186' title='bbox 1122 2419 1263 2454; x_wconf 88' lang='lat' dir='ltr'>mensarum</span> <span class='ocrx_word' id='word_1_187' title='bbox 1275 2405 1360 2465; x_wconf 89' lang='lat' dir='ltr'>honos,</span> <span class='ocrx_word' id='word_1_188' title='bbox 1368 2407 1505 2456; x_wconf 90' lang='lat' dir='ltr'>ostendunt.</span> 
     </span>
     <span class='ocr_line' id='line_1_21' title="bbox 401 2484 1505 2554; baseline 0.002 -22"><span class='ocrx_word' id='word_1_189' title='bbox 401 2485 524 2533; x_wconf 70' lang='lat' dir='ltr'>Euandri</span> <span class='ocrx_word' id='word_1_190' title='bbox 532 2487 647 2534; x_wconf 80' lang='lat' dir='ltr'>manibus</span> <span class='ocrx_word' id='word_1_191' title='bbox 657 2487 758 2554; x_wconf 72' lang='lat' dir='ltr'>tritam.</span> <span class='ocrx_word' id='word_1_192' title='bbox 784 2485 823 2533; x_wconf 91' lang='lat' dir='ltr'>De</span> <span class='ocrx_word' id='word_1_193' title='bbox 832 2487 918 2534; x_wconf 86' lang='lat' dir='ltr'>Euan-</span> <span class='ocrx_word' id='word_1_194' title='bbox 993 2484 1119 2548; x_wconf 86' lang='lat' dir='ltr'>Denique,</span> <span class='ocrx_word' id='word_1_195' title='bbox 1136 2486 1158 2534; x_wconf 92' lang='lat' dir='ltr'>si</span> <span class='ocrx_word' id='word_1_196' title='bbox 1168 2485 1287 2534; x_wconf 86' lang='lat' dir='ltr'>Horatius</span> <span class='ocrx_word' id='word_1_197' title='bbox 1298 2485 1417 2535; x_wconf 84' lang='lat' dir='ltr'>artificem</span> <span class='ocrx_word' id='word_1_198' title='bbox 1426 2487 1505 2536; x_wconf 82' lang='lat' dir='ltr'>Euan·</span> 
     </span>
     <span class='ocr_line' id='line_1_22' title="bbox 369 2563 1506 2628; baseline 0.002 -16"><span class='ocrx_word' id='word_1_199' title='bbox 369 2565 413 2612; x_wconf 92' lang='lat' dir='ltr'>dro</span> <span class='ocrx_word' id='word_1_200' title='bbox 429 2564 575 2628; x_wconf 86' lang='lat' dir='ltr'>interpretes</span> <span class='ocrx_word' id='word_1_201' title='bbox 597 2580 648 2614; x_wconf 90' lang='lat' dir='ltr'>non</span> <span class='ocrx_word' id='word_1_202' title='bbox 669 2565 832 2621; x_wconf 88' lang='lat' dir='ltr'>conveniunt,</span> <span class='ocrx_word' id='word_1_203' title='bbox 854 2565 918 2614; x_wconf 85' lang='lat' dir='ltr'>sitne</span> <span class='ocrx_word' id='word_1_204' title='bbox 960 2565 1033 2613; x_wconf 93' lang='lat' dir='ltr'>drum</span> <span class='ocrx_word' id='word_1_205' title='bbox 1044 2563 1171 2622; x_wconf 84' lang='lat' dir='ltr'>voluisset,</span> <span class='ocrx_word' id='word_1_206' title='bbox 1182 2564 1319 2627; x_wconf 83' lang='lat' dir='ltr'>scripsisset</span> <span class='ocrx_word' id='word_1_207' title='bbox 1330 2580 1409 2613; x_wconf 83' lang='lat' dir='ltr'>mauu</span> <span class='ocrx_word' id='word_1_208' title='bbox 1422 2567 1506 2615; x_wconf 78' lang='lat' dir='ltr'>Euan-</span> 
     </span>
     <span class='ocr_line' id='line_1_23' title="bbox 368 2641 1507 2708; baseline 0 -16"><span class='ocrx_word' id='word_1_209' title='bbox 368 2658 413 2691; x_wconf 88' lang='lat' dir='ltr'>rex</span> <span class='ocrx_word' id='word_1_210' title='bbox 431 2644 475 2692; x_wconf 92' lang='lat' dir='ltr'>ille</span> <span class='ocrx_word' id='word_1_211' title='bbox 491 2644 690 2708; x_wconf 86' lang='lat' dir='ltr'>antiquissimus,</span> <span class='ocrx_word' id='word_1_212' title='bbox 708 2657 741 2692; x_wconf 90' lang='lat' dir='ltr'>an</span> <span class='ocrx_word' id='word_1_213' title='bbox 755 2642 846 2692; x_wconf 85' lang='lat' dir='ltr'>artifex</span> <span class='ocrx_word' id='word_1_214' title='bbox 866 2643 917 2692; x_wconf 91' lang='lat' dir='ltr'>Ha·</span> <span class='ocrx_word' id='word_1_215' title='bbox 960 2645 1015 2701; x_wconf 77' lang='lat' dir='ltr'>dai,</span> <span class='ocrx_word' id='word_1_216' title='bbox 1032 2658 1082 2692; x_wconf 90' lang='lat' dir='ltr'>non</span> <span class='ocrx_word' id='word_1_217' title='bbox 1099 2646 1222 2693; x_wconf 66' lang='lat' dir='ltr'>maumas.</span> <span class='ocrx_word' id='word_1_218' title='bbox 1253 2641 1323 2700; x_wconf 88' lang='lat' dir='ltr'>Una,</span> <span class='ocrx_word' id='word_1_219' title='bbox 1342 2647 1412 2691; x_wconf 84' lang='lat' dir='ltr'>carta</span> <span class='ocrx_word' id='word_1_220' title='bbox 1427 2643 1507 2708; x_wconf 86' lang='lat' dir='ltr'>aliqua</span> 
     </span>
     <span class='ocr_line' id='line_1_24' title="bbox 367 2722 1507 2787; baseline 0.003 -18"><span class='ocrx_word' id='word_1_221' title='bbox 367 2722 431 2771; x_wconf 89' lang='lat' dir='ltr'>ratio</span> <span class='ocrx_word' id='word_1_222' title='bbox 453 2723 572 2786; x_wconf 89' lang='lat' dir='ltr'>aequalis.</span> <span class='ocrx_word' id='word_1_223' title='bbox 604 2723 734 2772; x_wconf 89' lang='lat' dir='ltr'>Bentleius</span> <span class='ocrx_word' id='word_1_224' title='bbox 756 2723 864 2787; x_wconf 86' lang='lat' dir='ltr'>praefert</span> <span class='ocrx_word' id='word_1_225' title='bbox 880 2739 917 2773; x_wconf 86' lang='lat' dir='ltr'>ar-</span> <span class='ocrx_word' id='word_1_226' title='bbox 960 2729 1055 2781; x_wconf 87' lang='lat' dir='ltr'>stutua,</span> <span class='ocrx_word' id='word_1_227' title='bbox 1072 2723 1181 2786; x_wconf 89' lang='lat' dir='ltr'>pictura,</span> <span class='ocrx_word' id='word_1_228' title='bbox 1199 2736 1256 2779; x_wconf 89' lang='lat' dir='ltr'>vas,</span> <span class='ocrx_word' id='word_1_229' title='bbox 1272 2722 1372 2771; x_wconf 89' lang='lat' dir='ltr'>catillus</span> <span class='ocrx_word' id='word_1_230' title='bbox 1383 2722 1462 2772; x_wconf 85' lang='lat' dir='ltr'>factus</span> <span class='ocrx_word' id='word_1_231' title='bbox 1472 2729 1507 2772; x_wconf 90' lang='lat' dir='ltr'>est</span> 
     </span>
     <span class='ocr_line' id='line_1_25' title="bbox 368 2800 1506 2866; baseline 0.001 -16"><span class='ocrx_word' id='word_1_232' title='bbox 368 2801 475 2861; x_wconf 84' lang='lat' dir='ltr'>tiiicem,</span> <span class='ocrx_word' id='word_1_233' title='bbox 502 2802 561 2866; x_wconf 90' lang='lat' dir='ltr'>quia</span> <span class='ocrx_word' id='word_1_234' title='bbox 582 2817 629 2852; x_wconf 84' lang='lat' dir='ltr'>rex</span> <span class='ocrx_word' id='word_1_235' title='bbox 650 2809 704 2850; x_wconf 88' lang='lat' dir='ltr'>erat</span> <span class='ocrx_word' id='word_1_236' title='bbox 726 2802 828 2866; x_wconf 88' lang='lat' dir='ltr'>antiqua</span> <span class='ocrx_word' id='word_1_237' title='bbox 857 2818 917 2865; x_wconf 89' lang='lat' dir='ltr'>pau·</span> <span class='ocrx_word' id='word_1_238' title='bbox 960 2819 1037 2851; x_wconf 82' lang='lat' dir='ltr'>mana</span> <span class='ocrx_word' id='word_1_239' title='bbox 1054 2801 1168 2860; x_wconf 85' lang='lat' dir='ltr'>artificis,</span> <span class='ocrx_word' id='word_1_240' title='bbox 1185 2808 1210 2850; x_wconf 92' lang='lat' dir='ltr'>et</span> <span class='ocrx_word' id='word_1_241' title='bbox 1226 2800 1316 2849; x_wconf 87' lang='lat' dir='ltr'>dicitur</span> <span class='ocrx_word' id='word_1_242' title='bbox 1333 2801 1506 2865; x_wconf 59' lang='grc' dir='ltr'>οιοηῖοἰεοιοι</span> 
     </span>
     <span class='ocr_line' id='line_1_26' title="bbox 368 2879 1507 2945; baseline 0 -15"><span class='ocrx_word' id='word_1_243' title='bbox 368 2887 476 2943; x_wconf 77' lang='lat' dir='ltr'>portate,</span> <span class='ocrx_word' id='word_1_244' title='bbox 498 2895 578 2945; x_wconf 84' lang='lat' dir='ltr'>neque</span> <span class='ocrx_word' id='word_1_245' title='bbox 594 2881 716 2930; x_wconf 89' lang='lat' dir='ltr'>nobilium</span> <span class='ocrx_word' id='word_1_246' title='bbox 733 2881 858 2929; x_wconf 87' lang='lat' dir='ltr'>artificum</span> <span class='ocrx_word' id='word_1_247' title='bbox 875 2896 917 2944; x_wconf 91' lang='lat' dir='ltr'>po-</span> <span class='ocrx_word' id='word_1_248' title='bbox 959 2896 1021 2940; x_wconf 73' lang='grc' dir='ltr'>ηοω,</span> <span class='ocrx_word' id='word_1_249' title='bbox 1042 2881 1090 2929; x_wconf 88' lang='lat' dir='ltr'>hoc</span> <span class='ocrx_word' id='word_1_250' title='bbox 1110 2887 1147 2928; x_wconf 89' lang='lat' dir='ltr'>est</span> <span class='ocrx_word' id='word_1_251' title='bbox 1166 2879 1249 2938; x_wconf 90' lang='lat' dir='ltr'>labar,</span> <span class='ocrx_word' id='word_1_252' title='bbox 1269 2893 1330 2943; x_wconf 88' lang='lat' dir='ltr'>opus</span> <span class='ocrx_word' id='word_1_253' title='bbox 1347 2895 1425 2929; x_wconf 90' lang='lat' dir='ltr'>manu</span> <span class='ocrx_word' id='word_1_254' title='bbox 1441 2880 1507 2931; x_wconf 88' lang='lat' dir='ltr'>illius</span> 
     </span>
     <span class='ocr_line' id='line_1_27' title="bbox 368 2958 1507 3024; baseline 0.002 -16"><span class='ocrx_word' id='word_1_255' title='bbox 368 2960 465 3009; x_wconf 89' lang='lat' dir='ltr'>culain</span> <span class='ocrx_word' id='word_1_256' title='bbox 480 2960 629 3024; x_wconf 86' lang='lat' dir='ltr'>supellectili</span> <span class='ocrx_word' id='word_1_257' title='bbox 639 2961 729 3010; x_wconf 88' lang='lat' dir='ltr'>habere</span> <span class='ocrx_word' id='word_1_258' title='bbox 740 2961 827 3024; x_wconf 88' lang='lat' dir='ltr'>potuit.</span> <span class='ocrx_word' id='word_1_259' title='bbox 850 2961 918 3010; x_wconf 87' lang='lat' dir='ltr'>Tum</span> <span class='ocrx_word' id='word_1_260' title='bbox 960 2959 1060 3008; x_wconf 86' lang='lat' dir='ltr'>factum.</span> <span class='ocrx_word' id='word_1_261' title='bbox 1087 2958 1175 3009; x_wconf 83' lang='lat' dir='ltr'>Cicero</span> <span class='ocrx_word' id='word_1_262' title='bbox 1196 2959 1271 3008; x_wconf 85' lang='lat' dir='ltr'>Varr.</span> <span class='ocrx_word' id='word_1_263' title='bbox 1296 2959 1345 3009; x_wconf 81' lang='lat' dir='ltr'>IV.</span> <span class='ocrx_word' id='word_1_264' title='bbox 1370 2961 1409 3010; x_wconf 84' lang='lat'>14.</span> <span class='ocrx_word' id='word_1_265' title='bbox 1445 2960 1507 3010; x_wconf 83' lang='lat' dir='ltr'>Com</span> 
     </span>
     <span class='ocr_line' id='line_1_28' title="bbox 310 3039 1508 3103; baseline 0.003 -19"><span class='ocrx_word' id='word_1_266' title='bbox 310 3080 313 3084; x_wconf 87' lang='lat'>.</span> <span class='ocrx_word' id='word_1_267' title='bbox 369 3047 452 3088; x_wconf 87' lang='lat' dir='ltr'>autam</span> <span class='ocrx_word' id='word_1_268' title='bbox 469 3040 567 3088; x_wconf 86' lang='lat' dir='ltr'>catillus</span> <span class='ocrx_word' id='word_1_269' title='bbox 583 3039 637 3099; x_wconf 86' lang='lat' dir='ltr'>hic,</span> <span class='ocrx_word' id='word_1_270' title='bbox 653 3039 712 3103; x_wconf 88' lang='lat' dir='ltr'>quia</span> <span class='ocrx_word' id='word_1_271' title='bbox 728 3040 836 3088; x_wconf 82' lang='lat' dir='ltr'>deiectus</span> <span class='ocrx_word' id='word_1_272' title='bbox 852 3039 917 3088; x_wconf 79' lang='lat' dir='ltr'>fran-</span> <span class='ocrx_word' id='word_1_273' title='bbox 959 3039 1005 3088; x_wconf 82' lang='lat' dir='ltr'>iste</span> <span class='ocrx_word' id='word_1_274' title='bbox 1034 3042 1066 3088; x_wconf 88' lang='lat' dir='ltr'>ab</span> <span class='ocrx_word' id='word_1_275' title='bbox 1090 3053 1142 3089; x_wconf 79' lang='lat' dir='ltr'>aesc</span> <span class='ocrx_word' id='word_1_276' title='bbox 1166 3040 1300 3103; x_wconf 76' lang='lat' dir='ltr'>hydriam,</span> <span class='ocrx_word' id='word_1_277' title='bbox 1329 3039 1409 3089; x_wconf 68' lang='lat' dir='ltr'>Baeti</span> <span class='ocrx_word' id='word_1_278' title='bbox 1433 3055 1508 3090; x_wconf 81' lang='lat' dir='ltr'>mauu</span> 
     </span>
     <span class='ocr_line' id='line_1_29' title="bbox 370 3118 1507 3182; baseline 0 -14"><span class='ocrx_word' id='word_1_279' title='bbox 370 3119 488 3182; x_wconf 85' lang='lat' dir='ltr'>gebatur,</span> <span class='ocrx_word' id='word_1_280' title='bbox 505 3121 558 3169; x_wconf 89' lang='lat' dir='ltr'>sine</span> <span class='ocrx_word' id='word_1_281' title='bbox 574 3120 650 3169; x_wconf 91' lang='lat' dir='ltr'>dubio</span> <span class='ocrx_word' id='word_1_282' title='bbox 666 3127 720 3168; x_wconf 87' lang='lat' dir='ltr'>erat</span> <span class='ocrx_word' id='word_1_283' title='bbox 730 3120 827 3168; x_wconf 89' lang='lat' dir='ltr'>fictilis:</span> <span class='ocrx_word' id='word_1_284' title='bbox 844 3127 870 3168; x_wconf 89' lang='lat' dir='ltr'>at</span> <span class='ocrx_word' id='word_1_285' title='bbox 881 3121 917 3169; x_wconf 92' lang='lat' dir='ltr'>in·</span> <span class='ocrx_word' id='word_1_286' title='bbox 953 3118 1069 3180; x_wconf 78' lang='lat' dir='ltr'>factam,</span> <span class='ocrx_word' id='word_1_287' title='bbox 1084 3120 1218 3180; x_wconf 80' lang='lat' dir='ltr'>praeclaro</span> <span class='ocrx_word' id='word_1_288' title='bbox 1228 3132 1300 3180; x_wconf 83' lang='lat' dir='ltr'>apere</span> <span class='ocrx_word' id='word_1_289' title='bbox 1311 3124 1336 3167; x_wconf 87' lang='lat' dir='ltr'>et</span> <span class='ocrx_word' id='word_1_290' title='bbox 1347 3120 1507 3182; x_wconf 79' lang='lat' dir='ltr'>praude‘paa·</span> 
     </span>
     <span class='ocr_line' id='line_1_30' title="bbox 369 3198 1507 3260; baseline 0 -14"><span class='ocrx_word' id='word_1_291' title='bbox 369 3199 484 3248; x_wconf 89' lang='lat' dir='ltr'>credibile</span> <span class='ocrx_word' id='word_1_292' title='bbox 500 3209 549 3259; x_wconf 89' lang='lat' dir='ltr'>est,</span> <span class='ocrx_word' id='word_1_293' title='bbox 565 3207 594 3248; x_wconf 89' lang='lat' dir='ltr'>ut</span> <span class='ocrx_word' id='word_1_294' title='bbox 610 3214 654 3248; x_wconf 78' lang='lat' dir='ltr'>vas</span> <span class='ocrx_word' id='word_1_295' title='bbox 671 3198 748 3247; x_wconf 90' lang='lat' dir='ltr'>fictile</span> <span class='ocrx_word' id='word_1_296' title='bbox 764 3200 795 3248; x_wconf 96' lang='lat' dir='ltr'>ab</span> <span class='ocrx_word' id='word_1_297' title='bbox 806 3201 919 3250; x_wconf 79' lang='lat' dir='ltr'>Euandri</span> <span class='ocrx_word' id='word_1_298' title='bbox 959 3199 1017 3246; x_wconf 80' lang='lat' dir='ltr'>dere</span> <span class='ocrx_word' id='word_1_299' title='bbox 1026 3212 1073 3260; x_wconf 81' lang='lat' dir='ltr'>per</span> <span class='ocrx_word' id='word_1_300' title='bbox 1082 3202 1232 3259; x_wconf 81' lang='lat' dir='ltr'>patestatem</span> <span class='ocrx_word' id='word_1_301' title='bbox 1243 3198 1403 3256; x_wconf 78' lang='lat' dir='ltr'>abstulisset,</span> <span class='ocrx_word' id='word_1_302' title='bbox 1413 3211 1441 3247; x_wconf 85' lang='lat' dir='ltr'>se</span> <span class='ocrx_word' id='word_1_303' title='bbox 1450 3213 1507 3248; x_wconf 74' lang='lat' dir='ltr'>aaut</span> 
     </span>
     <span class='ocr_line' id='line_1_31' title="bbox 369 3278 1507 3342; baseline 0 -16"><span class='ocrx_word' id='word_1_304' title='bbox 369 3293 448 3342; x_wconf 89' lang='lat' dir='ltr'>usque</span> <span class='ocrx_word' id='word_1_305' title='bbox 471 3285 550 3328; x_wconf 84' lang='lat' dir='ltr'>aetate</span> <span class='ocrx_word' id='word_1_306' title='bbox 572 3279 605 3326; x_wconf 86' lang='lat' dir='ltr'>ad</span> <span class='ocrx_word' id='word_1_307' title='bbox 626 3278 725 3328; x_wconf 90' lang='lat' dir='ltr'>Horatii</span> <span class='ocrx_word' id='word_1_308' title='bbox 741 3285 852 3342; x_wconf 88' lang='lat' dir='ltr'>tempora</span> <span class='ocrx_word' id='word_1_309' title='bbox 868 3294 918 3328; x_wconf 83' lang='lat' dir='ltr'>ser-</span> <span class='ocrx_word' id='word_1_310' title='bbox 960 3278 1057 3327; x_wconf 76' lang='lat' dir='ltr'>tristem</span> <span class='ocrx_word' id='word_1_311' title='bbox 1077 3282 1102 3326; x_wconf 88' lang='lat' dir='ltr'>et</span> <span class='ocrx_word' id='word_1_312' title='bbox 1119 3279 1297 3326; x_wconf 84' lang='lat' dir='ltr'>conturbatum</span> <span class='ocrx_word' id='word_1_313' title='bbox 1313 3278 1413 3326; x_wconf 82' lang='lat' dir='ltr'>damam</span> <span class='ocrx_word' id='word_1_314' title='bbox 1429 3292 1507 3326; x_wconf 70' lang='lat' dir='ltr'>reve·</span> 
     </span>
     <span class='ocr_line' id='line_1_32' title="bbox 369 3357 1507 3421; baseline 0.001 -15"><span class='ocrx_word' id='word_1_315' title='bbox 369 3365 471 3406; x_wconf 88' lang='lat' dir='ltr'>varetur</span> <span class='ocrx_word' id='word_1_316' title='bbox 487 3359 612 3421; x_wconf 85' lang='lat' dir='ltr'>integrum</span> <span class='ocrx_word' id='word_1_317' title='bbox 629 3372 658 3406; x_wconf 88' lang='lat' dir='ltr'>ac</span> <span class='ocrx_word' id='word_1_318' title='bbox 673 3358 806 3407; x_wconf 80' lang='lat' dir='ltr'>sincerum.</span> <span class='ocrx_word' id='word_1_319' title='bbox 831 3359 918 3417; x_wconf 91' lang='lat' dir='ltr'>Adde,</span> <span class='ocrx_word' id='word_1_320' title='bbox 960 3357 1030 3413; x_wconf 76' lang='lat' dir='ltr'>iisse,</span> <span class='ocrx_word' id='word_1_321' title='bbox 1052 3357 1118 3419; x_wconf 82' lang='lat' dir='ltr'>quad</span> <span class='ocrx_word' id='word_1_322' title='bbox 1133 3370 1178 3404; x_wconf 86' lang='lat' dir='ltr'>vas</span> <span class='ocrx_word' id='word_1_323' title='bbox 1193 3357 1327 3414; x_wconf 81' lang='lat' dir='ltr'>eiusmodi,</span> <span class='ocrx_word' id='word_1_324' title='bbox 1349 3358 1507 3419; x_wconf 73' lang='lat' dir='ltr'>quaesitio</span> 
     </span>
     <span class='ocr_line' id='line_1_33' title="bbox 369 3435 1508 3504; baseline -0.001 -18"><span class='ocrx_word' id='word_1_325' title='bbox 369 3439 435 3502; x_wconf 89' lang='lat' dir='ltr'>quod</span> <span class='ocrx_word' id='word_1_326' title='bbox 450 3438 539 3503; x_wconf 84' lang='lat' dir='ltr'>figlina</span> <span class='ocrx_word' id='word_1_327' title='bbox 555 3452 631 3502; x_wconf 87' lang='lat' dir='ltr'>opera</span> <span class='ocrx_word' id='word_1_328' title='bbox 646 3452 695 3486; x_wconf 91' lang='lat' dir='ltr'>non</span> <span class='ocrx_word' id='word_1_329' title='bbox 714 3440 779 3504; x_wconf 83' lang='lat' dir='ltr'>trita</span> <span class='ocrx_word' id='word_1_330' title='bbox 796 3437 860 3486; x_wconf 92' lang='lat' dir='ltr'>fiunt</span> <span class='ocrx_word' id='word_1_331' title='bbox 871 3453 919 3486; x_wconf 91' lang='lat' dir='ltr'>usu</span> <span class='ocrx_word' id='word_1_332' title='bbox 958 3438 1035 3495; x_wconf 81' lang='lat' dir='ltr'>patre</span> <span class='ocrx_word' id='word_1_333' title='bbox 1050 3439 1075 3483; x_wconf 89' lang='lat' dir='ltr'>et</span> <span class='ocrx_word' id='word_1_334' title='bbox 1092 3435 1228 3484; x_wconf 74' lang='lat' dir='ltr'>aaar‘aribua</span> <span class='ocrx_word' id='word_1_335' title='bbox 1244 3441 1306 3484; x_wconf 83' lang='lat' dir='ltr'>esset</span> <span class='ocrx_word' id='word_1_336' title='bbox 1322 3436 1453 3496; x_wconf 82' lang='lat' dir='ltr'>retiatum,</span> <span class='ocrx_word' id='word_1_337' title='bbox 1463 3452 1508 3501; x_wconf 79' lang='lat' dir='ltr'>aaa</span> 
     </span>
     <span class='ocr_line' id='line_1_34' title="bbox 370 3513 1509 3576; baseline 0.004 -15"><span class='ocrx_word' id='word_1_338' title='bbox 370 3524 395 3566; x_wconf 82' lang='lat' dir='ltr'>et</span> <span class='ocrx_word' id='word_1_339' title='bbox 416 3517 443 3565; x_wconf 89' lang='lat' dir='ltr'>in</span> <span class='ocrx_word' id='word_1_340' title='bbox 464 3518 579 3567; x_wconf 73' lang='lat' dir='ltr'>manibus</span> <span class='ocrx_word' id='word_1_341' title='bbox 600 3517 725 3575; x_wconf 75' lang='lat' dir='ltr'>habendo,</span> <span class='ocrx_word' id='word_1_342' title='bbox 749 3518 792 3566; x_wconf 75' lang='lat' dir='ltr'>scd</span> <span class='ocrx_word' id='word_1_343' title='bbox 817 3518 919 3567; x_wconf 72' lang='lat' dir='ltr'>metalla</span> <span class='ocrx_word' id='word_1_344' title='bbox 960 3514 1050 3562; x_wconf 73' lang='lat' dir='ltr'>solitus</span> <span class='ocrx_word' id='word_1_345' title='bbox 1074 3519 1137 3562; x_wconf 80' lang='lat' dir='ltr'>esset</span> <span class='ocrx_word' id='word_1_346' title='bbox 1161 3515 1201 3564; x_wconf 84' lang='lat' dir='ltr'>uti</span> <span class='ocrx_word' id='word_1_347' title='bbox 1224 3516 1259 3563; x_wconf 85' lang='lat' dir='ltr'>aat</span> <span class='ocrx_word' id='word_1_348' title='bbox 1273 3513 1357 3576; x_wconf 71' lang='lat' dir='ltr'>flectas</span> <span class='ocrx_word' id='word_1_349' title='bbox 1381 3517 1448 3576; x_wconf 84' lang='lat' dir='ltr'>dies,</span> <span class='ocrx_word' id='word_1_350' title='bbox 1476 3517 1509 3565; x_wconf 80' lang='lat' dir='ltr'>aa</span> 
     </span>
     <span class='ocr_line' id='line_1_35' title="bbox 369 3592 1508 3654; baseline -0.001 -10"><span class='ocrx_word' id='word_1_351' title='bbox 369 3604 474 3645; x_wconf 89' lang='lat' dir='ltr'>tantum.</span> <span class='ocrx_word' id='word_1_352' title='bbox 508 3597 577 3646; x_wconf 87' lang='lat' dir='ltr'>Haec</span> <span class='ocrx_word' id='word_1_353' title='bbox 598 3596 735 3645; x_wconf 87' lang='lat' dir='ltr'>Bentleius.</span> <span class='ocrx_word' id='word_1_354' title='bbox 765 3594 814 3645; x_wconf 85' lang='lat' dir='ltr'>Sed</span> <span class='ocrx_word' id='word_1_355' title='bbox 831 3596 857 3643; x_wconf 92' lang='lat' dir='ltr'>in</span> <span class='ocrx_word' id='word_1_356' title='bbox 874 3597 919 3645; x_wconf 89' lang='lat' dir='ltr'>tali</span> <span class='ocrx_word' id='word_1_357' title='bbox 961 3592 1066 3654; x_wconf 73' lang='lat' dir='ltr'>torp-tta</span> <span class='ocrx_word' id='word_1_358' title='bbox 1087 3595 1236 3652; x_wconf 80' lang='lat' dir='ltr'>aduentum,</span> <span class='ocrx_word' id='word_1_359' title='bbox 1261 3608 1278 3640; x_wconf 91' lang='lat' dir='ltr'>a</span> <span class='ocrx_word' id='word_1_360' title='bbox 1304 3607 1331 3641; x_wconf 80' lang='lat' dir='ltr'>ae</span> <span class='ocrx_word' id='word_1_361' title='bbox 1355 3600 1421 3643; x_wconf 81' lang='lat' dir='ltr'>eaaet</span> <span class='ocrx_word' id='word_1_362' title='bbox 1442 3596 1508 3646; x_wconf 84' lang='lat' dir='ltr'>abta·</span> 
     </span>
     <span class='ocr_line' id='line_1_36' title="bbox 369 3671 1508 3738; baseline -0.004 -12"><span class='ocrx_word' id='word_1_363' title='bbox 369 3678 455 3726; x_wconf 82' lang='lat' dir='ltr'>catilla</span> <span class='ocrx_word' id='word_1_364' title='bbox 472 3690 523 3724; x_wconf 93' lang='lat' dir='ltr'>non</span> <span class='ocrx_word' id='word_1_365' title='bbox 539 3682 663 3738; x_wconf 87' lang='lat' dir='ltr'>spectatur</span> <span class='ocrx_word' id='word_1_366' title='bbox 674 3673 810 3738; x_wconf 85' lang='lat' dir='ltr'>elegantia,</span> <span class='ocrx_word' id='word_1_367' title='bbox 831 3689 919 3723; x_wconf 89' lang='lat' dir='ltr'>verum</span> <span class='ocrx_word' id='word_1_368' title='bbox 961 3676 1023 3720; x_wconf 84' lang='lat' dir='ltr'>tum.</span> <span class='ocrx_word' id='word_1_369' title='bbox 1051 3671 1115 3720; x_wconf 91' lang='lat' dir='ltr'>Ibid.</span> <span class='ocrx_word' id='word_1_370' title='bbox 1134 3672 1172 3722; x_wconf 85' lang='lat'>18.</span> <span class='ocrx_word' id='word_1_371' title='bbox 1198 3674 1297 3722; x_wconf 88' lang='lat' dir='ltr'>Pocula</span> <span class='ocrx_word' id='word_1_372' title='bbox 1313 3674 1362 3722; x_wconf 83' lang='lat' dir='ltr'>aaa</span> <span class='ocrx_word' id='word_1_373' title='bbox 1378 3675 1508 3736; x_wconf 78' lang='lat' dir='ltr'>quaedam,</span> 
     </span>
     <span class='ocr_line' id='line_1_37' title="bbox 370 3749 1508 3817; baseline -0.002 -15"><span class='ocrx_word' id='word_1_374' title='bbox 370 3754 504 3817; x_wconf 82' lang='lat' dir='ltr'>antiquitas</span> <span class='ocrx_word' id='word_1_375' title='bbox 519 3761 544 3802; x_wconf 90' lang='lat' dir='ltr'>et</span> <span class='ocrx_word' id='word_1_376' title='bbox 560 3768 613 3802; x_wconf 73' lang='lat' dir='ltr'>rex,</span> <span class='ocrx_word' id='word_1_377' title='bbox 648 3754 704 3816; x_wconf 82' lang='lat' dir='ltr'>Ipse</span> <span class='ocrx_word' id='word_1_378' title='bbox 726 3752 855 3802; x_wconf 88' lang='lat' dir='ltr'>Bentleius</span> <span class='ocrx_word' id='word_1_379' title='bbox 871 3753 919 3802; x_wconf 91' lang='lat' dir='ltr'>hoc</span> <span class='ocrx_word' id='word_1_380' title='bbox 961 3749 1087 3799; x_wconf 79' lang='lat' dir='ltr'>Mactaris</span> <span class='ocrx_word' id='word_1_381' title='bbox 1098 3752 1508 3816; x_wconf 72' lang='lat' dir='ltr'>maauaummaartifleiasacta.</span> 
     </span>
     <span class='ocr_line' id='line_1_38' title="bbox 370 3828 1508 3896; baseline 0 -16"><span class='ocrx_word' id='word_1_382' title='bbox 370 3833 488 3894; x_wconf 85' lang='lat' dir='ltr'>agnoscit.</span> <span class='ocrx_word' id='word_1_383' title='bbox 522 3832 668 3896; x_wconf 83' lang='lat' dir='ltr'>Exemplis,</span> <span class='ocrx_word' id='word_1_384' title='bbox 683 3846 747 3895; x_wconf 90' lang='lat' dir='ltr'>quae</span> <span class='ocrx_word' id='word_1_385' title='bbox 763 3831 918 3889; x_wconf 86' lang='lat' dir='ltr'>affert,addi</span> <span class='ocrx_word' id='word_1_386' title='bbox 961 3828 1112 3878; x_wconf 87' lang='lat' dir='ltr'>Doderlinus</span> <span class='ocrx_word' id='word_1_387' title='bbox 1135 3845 1233 3894; x_wconf 89' lang='lat' dir='ltr'>quoque</span> <span class='ocrx_word' id='word_1_388' title='bbox 1257 3845 1340 3894; x_wconf 84' lang='lat' dir='ltr'>regem</span> <span class='ocrx_word' id='word_1_389' title='bbox 1362 3832 1508 3880; x_wconf 84' lang='lat' dir='ltr'>Euandrum</span> 
     </span>
     <span class='ocr_line' id='line_1_39' title="bbox 371 3909 1509 3975; baseline -0.002 -15"><span class='ocrx_word' id='word_1_390' title='bbox 371 3912 451 3961; x_wconf 82' lang='lat' dir='ltr'>mults</span> <span class='ocrx_word' id='word_1_391' title='bbox 465 3920 583 3975; x_wconf 88' lang='lat' dir='ltr'>possunt,</span> <span class='ocrx_word' id='word_1_392' title='bbox 599 3928 622 3960; x_wconf 88' lang='lat' dir='ltr'>v.</span> <span class='ocrx_word' id='word_1_393' title='bbox 640 3927 660 3960; x_wconf 93' lang='lat' dir='ltr'>c.</span> <span class='ocrx_word' id='word_1_394' title='bbox 677 3913 724 3960; x_wconf 91' lang='lat' dir='ltr'>hoc</span> <span class='ocrx_word' id='word_1_395' title='bbox 734 3911 832 3960; x_wconf 88' lang='lat' dir='ltr'>Horatii</span> <span class='ocrx_word' id='word_1_396' title='bbox 844 3910 918 3962; x_wconf 87' lang='lat' dir='ltr'>Satir.</span> <span class='ocrx_word' id='word_1_397' title='bbox 961 3909 992 3957; x_wconf 90' lang='lat' dir='ltr'>ab</span> <span class='ocrx_word' id='word_1_398' title='bbox 1008 3909 1114 3957; x_wconf 90' lang='lat' dir='ltr'>Horatia</span> <span class='ocrx_word' id='word_1_399' title='bbox 1129 3909 1218 3972; x_wconf 88' lang='lat' dir='ltr'>respici</span> <span class='ocrx_word' id='word_1_400' title='bbox 1233 3917 1316 3973; x_wconf 88' lang='lat' dir='ltr'>putat:</span> <span class='ocrx_word' id='word_1_401' title='bbox 1338 3917 1363 3959; x_wconf 90' lang='lat' dir='ltr'>et</span> <span class='ocrx_word' id='word_1_402' title='bbox 1380 3911 1509 3960; x_wconf 87' lang='lat' dir='ltr'>discrimen</span> 
     </span>
     <span class='ocr_line' id='line_1_40' title="bbox 371 3987 1508 4055; baseline -0.002 -15"><span class='ocrx_word' id='word_1_403' title='bbox 371 3992 406 4041; x_wconf 92' lang='lat' dir='ltr'>II.</span> <span class='ocrx_word' id='word_1_404' title='bbox 423 4007 462 4041; x_wconf 86' lang='lat'>111.</span> <span class='ocrx_word' id='word_1_405' title='bbox 478 3994 519 4042; x_wconf 82' lang='lat'>21.</span> <span class='ocrx_word' id='word_1_406' title='bbox 536 4007 655 4055; x_wconf 82' lang='lat' dir='ltr'>quaerere</span> <span class='ocrx_word' id='word_1_407' title='bbox 666 3994 781 4040; x_wconf 86' lang='lat' dir='ltr'>amabam</span> <span class='ocrx_word' id='word_1_408' title='bbox 810 3992 866 4050; x_wconf 82' lang='lat' dir='ltr'>Qua</span> <span class='ocrx_word' id='word_1_409' title='bbox 876 4007 918 4041; x_wconf 87' lang='lat' dir='ltr'>aa·</span> <span class='ocrx_word' id='word_1_410' title='bbox 961 3987 1025 4036; x_wconf 86' lang='lat' dir='ltr'>inter</span> <span class='ocrx_word' id='word_1_411' title='bbox 1042 3990 1157 4037; x_wconf 72' lang='lat' dir='ltr'>titanibus</span> <span class='ocrx_word' id='word_1_412' title='bbox 1174 3994 1201 4038; x_wconf 85' lang='lat' dir='ltr'>et</span> <span class='ocrx_word' id='word_1_413' title='bbox 1217 4005 1294 4037; x_wconf 71' lang='lat' dir='ltr'>araca</span> <span class='ocrx_word' id='word_1_414' title='bbox 1305 3991 1398 4038; x_wconf 77' lang='lat' dir='ltr'>tritum</span> <span class='ocrx_word' id='word_1_415' title='bbox 1409 3991 1508 4041; x_wconf 86' lang='lat' dir='ltr'>Wuste·</span> 
     </span>
     <span class='ocr_line' id='line_1_41' title="bbox 363 4068 1509 4134; baseline -0.004 -12"><span class='ocrx_word' id='word_1_416' title='bbox 363 4073 412 4134; x_wconf 80' lang='lat' dir='ltr'>ser</span> <span class='ocrx_word' id='word_1_417' title='bbox 428 4073 472 4120; x_wconf 84' lang='lat' dir='ltr'>ille</span> <span class='ocrx_word' id='word_1_418' title='bbox 488 4073 561 4134; x_wconf 76' lang='lat' dir='ltr'>pedes</span> <span class='ocrx_word' id='word_1_419' title='bbox 584 4073 689 4121; x_wconf 66' lang='lat' dir='ltr'>laauaet</span> <span class='ocrx_word' id='word_1_420' title='bbox 711 4072 838 4133; x_wconf 75' lang='lat' dir='ltr'>Sisyphus</span> <span class='ocrx_word' id='word_1_421' title='bbox 853 4086 918 4120; x_wconf 88' lang='lat' dir='ltr'>aere.</span> <span class='ocrx_word' id='word_1_422' title='bbox 961 4083 1066 4117; x_wconf 89' lang='lat' dir='ltr'>mannus</span> <span class='ocrx_word' id='word_1_423' title='bbox 1089 4068 1139 4116; x_wconf 89' lang='lat' dir='ltr'>iam</span> <span class='ocrx_word' id='word_1_424' title='bbox 1157 4068 1373 4118; x_wconf 85' lang='lat' dir='ltr'>animadverterat.</span> <span class='ocrx_word' id='word_1_425' title='bbox 1408 4071 1509 4119; x_wconf 84' lang='lat' dir='ltr'>Praeter</span> 
     </span>
     <span class='ocr_line' id='line_1_42' title="bbox 371 4147 1509 4211; baseline 0 -12"><span class='ocrx_word' id='word_1_426' title='bbox 371 4150 491 4200; x_wconf 90' lang='lat' dir='ltr'>Horatius</span> <span class='ocrx_word' id='word_1_427' title='bbox 518 4151 594 4200; x_wconf 90' lang='lat' dir='ltr'>simul</span> <span class='ocrx_word' id='word_1_428' title='bbox 615 4152 701 4201; x_wconf 87' lang='lat' dir='ltr'>irridet</span> <span class='ocrx_word' id='word_1_429' title='bbox 720 4151 810 4201; x_wconf 88' lang='lat' dir='ltr'>stultos</span> <span class='ocrx_word' id='word_1_430' title='bbox 835 4165 919 4202; x_wconf 88' lang='lat' dir='ltr'>rernm</span> <span class='ocrx_word' id='word_1_431' title='bbox 961 4161 990 4195; x_wconf 74' lang='lat' dir='ltr'>aa</span> <span class='ocrx_word' id='word_1_432' title='bbox 1006 4147 1156 4210; x_wconf 79' lang='lat' dir='ltr'>cogitemus,</span> <span class='ocrx_word' id='word_1_433' title='bbox 1173 4147 1231 4211; x_wconf 90' lang='lat' dir='ltr'>quid</span> <span class='ocrx_word' id='word_1_434' title='bbox 1247 4148 1347 4210; x_wconf 70' lang='lat' dir='ltr'>poetae,</span> <span class='ocrx_word' id='word_1_435' title='bbox 1367 4151 1509 4210; x_wconf 82' lang='lat' dir='ltr'>praesertim</span> 
     </span>
     <span class='ocr_line' id='line_1_43' title="bbox 370 4225 1511 4296; baseline -0.002 -17"><span class='ocrx_word' id='word_1_436' title='bbox 370 4231 508 4280; x_wconf 88' lang='lat' dir='ltr'>istiusmodi</span> <span class='ocrx_word' id='word_1_437' title='bbox 524 4231 681 4296; x_wconf 86' lang='lat' dir='ltr'>antiquarum</span> <span class='ocrx_word' id='word_1_438' title='bbox 703 4237 832 4280; x_wconf 83' lang='lat' dir='ltr'>amatores.</span> <span class='ocrx_word' id='word_1_439' title='bbox 862 4232 919 4295; x_wconf 90' lang='lat' dir='ltr'>Ipse</span> <span class='ocrx_word' id='word_1_440' title='bbox 961 4226 987 4274; x_wconf 92' lang='lat' dir='ltr'>in</span> <span class='ocrx_word' id='word_1_441' title='bbox 1000 4225 1324 4290; x_wconf 86' lang='lat' dir='ltr'>Satiris,sibipermittant‚</span> <span class='ocrx_word' id='word_1_442' title='bbox 1342 4233 1511 4294; x_wconf 87' lang='lat' dir='ltr'>quantumque</span> 
     </span>
     <span class='ocr_line' id='line_1_44' title="bbox 372 4309 1131 4375; baseline -0.007 -16"><span class='ocrx_word' id='word_1_443' title='bbox 372 4327 413 4360; x_wconf 88' lang='lat' dir='ltr'>eas</span> <span class='ocrx_word' id='word_1_444' title='bbox 438 4326 489 4359; x_wconf 91' lang='lat' dir='ltr'>non</span> <span class='ocrx_word' id='word_1_445' title='bbox 515 4312 601 4375; x_wconf 85' lang='lat' dir='ltr'>magni</span> <span class='ocrx_word' id='word_1_446' title='bbox 626 4309 737 4359; x_wconf 83' lang='lat' dir='ltr'>faciebat.</span> <span class='ocrx_word' id='word_1_447' title='bbox 772 4312 831 4359; x_wconf 85' lang='lat' dir='ltr'>Nan</span> <span class='ocrx_word' id='word_1_448' title='bbox 856 4312 920 4359; x_wconf 82' lang='lat' dir='ltr'>mihi</span> <span class='ocrx_word' id='word_1_449' title='bbox 961 4321 1000 4356; x_wconf 88' lang='lat' dir='ltr'>res</span> <span class='ocrx_word' id='word_1_450' title='bbox 1017 4313 1131 4370; x_wconf 85' lang='lat' dir='ltr'>augeant.</span> 
     </span>
     <span class='ocr_line' id='line_1_45' title="bbox 373 4387 1511 4451; baseline -0.003 -13"><span class='ocrx_word' id='word_1_451' title='bbox 373 4392 478 4449; x_wconf 85' lang='lat' dir='ltr'>talium,</span> <span class='ocrx_word' id='word_1_452' title='bbox 495 4391 554 4439; x_wconf 89' lang='lat' dir='ltr'>dicit</span> <span class='ocrx_word' id='word_1_453' title='bbox 570 4391 597 4439; x_wconf 92' lang='lat' dir='ltr'>in</span> <span class='ocrx_word' id='word_1_454' title='bbox 622 4390 793 4446; x_wconf 86' lang='lat' dir='ltr'>Carminibus,</span> <span class='ocrx_word' id='word_1_455' title='bbox 819 4403 859 4438; x_wconf 84' lang='lat' dir='ltr'>res</span> <span class='ocrx_word' id='word_1_456' title='bbox 884 4396 920 4438; x_wconf 83' lang='lat' dir='ltr'>est</span> <span class='ocrx_word' id='word_1_457' title='bbox 997 4389 1051 4434; x_wconf 83' lang='lat' dir='ltr'>Aut</span> <span class='ocrx_word' id='word_1_458' title='bbox 1067 4387 1177 4449; x_wconf 76' lang='lat' dir='ltr'>positurae</span> <span class='ocrx_word' id='word_1_459' title='bbox 1194 4391 1254 4435; x_wconf 81' lang='lat' dir='ltr'>aute</span> <span class='ocrx_word' id='word_1_460' title='bbox 1270 4388 1398 4449; x_wconf 80' lang='lat' dir='ltr'>meaquia</span> <span class='ocrx_word' id='word_1_461' title='bbox 1413 4388 1511 4451; x_wconf 87' lang='lat' dir='ltr'>pullum</span> 
     </span>
     <span class='ocr_line' id='line_1_46' title="bbox 372 4466 1511 4533; baseline 0.002 -18"><span class='ocrx_word' id='word_1_462' title='bbox 372 4475 419 4517; x_wconf 87' lang='lat' dir='ltr'>aut</span> <span class='ocrx_word' id='word_1_463' title='bbox 435 4473 536 4519; x_wconf 76' lang='lat' dir='ltr'>animus</span> <span class='ocrx_word' id='word_1_464' title='bbox 553 4473 702 4521; x_wconf 82' lang='lat' dir='ltr'>deliciarum</span> <span class='ocrx_word' id='word_1_465' title='bbox 719 4485 797 4533; x_wconf 76' lang='lat' dir='ltr'>caena.</span> <span class='ocrx_word' id='word_1_466' title='bbox 837 4470 921 4530; x_wconf 82' lang='lat' dir='ltr'>Quan-</span> <span class='ocrx_word' id='word_1_467' title='bbox 961 4470 989 4516; x_wconf 83' lang='lat' dir='ltr'>iu</span> <span class='ocrx_word' id='word_1_468' title='bbox 1004 4472 1080 4531; x_wconf 86' lang='lat' dir='ltr'>parte</span> <span class='ocrx_word' id='word_1_469' title='bbox 1095 4466 1176 4515; x_wconf 77' lang='lat' dir='ltr'>catini</span> <span class='ocrx_word' id='word_1_470' title='bbox 1198 4467 1303 4515; x_wconf 76' lang='lat' dir='ltr'>sustulit</span> <span class='ocrx_word' id='word_1_471' title='bbox 1323 4469 1442 4517; x_wconf 78' lang='lat' dir='ltr'>esuriens.</span> <span class='ocrx_word' id='word_1_472' title='bbox 1474 4466 1511 4517; x_wconf 89' lang='lat' dir='ltr'>Si·</span> 
     </span>
     <span class='ocr_line' id='line_1_47' title="bbox 372 4545 1510 4609; baseline 0.002 -14"><span class='ocrx_word' id='word_1_473' title='bbox 372 4554 423 4595; x_wconf 88' lang='lat' dir='ltr'>tam</span> <span class='ocrx_word' id='word_1_474' title='bbox 440 4555 523 4596; x_wconf 85' lang='lat' dir='ltr'>autem</span> <span class='ocrx_word' id='word_1_475' title='bbox 540 4555 645 4597; x_wconf 89' lang='lat' dir='ltr'>aetatem</span> <span class='ocrx_word' id='word_1_476' title='bbox 662 4549 742 4597; x_wconf 88' lang='lat' dir='ltr'>ferant</span> <span class='ocrx_word' id='word_1_477' title='bbox 758 4562 819 4596; x_wconf 86' lang='lat' dir='ltr'>vasa</span> <span class='ocrx_word' id='word_1_478' title='bbox 829 4547 921 4598; x_wconf 76' lang='lat' dir='ltr'>fictilia,</span> <span class='ocrx_word' id='word_1_479' title='bbox 962 4546 1021 4595; x_wconf 91' lang='lat' dir='ltr'>mile</span> <span class='ocrx_word' id='word_1_480' title='bbox 1037 4545 1181 4609; x_wconf 87' lang='lat' dir='ltr'>exemplum</span> <span class='ocrx_word' id='word_1_481' title='bbox 1197 4547 1224 4595; x_wconf 93' lang='lat' dir='ltr'>in</span> <span class='ocrx_word' id='word_1_482' title='bbox 1235 4546 1341 4596; x_wconf 88' lang='lat' dir='ltr'>Luciani</span> <span class='ocrx_word' id='word_1_483' title='bbox 1354 4546 1460 4598; x_wconf 82' lang='lat' dir='ltr'>Conviv.</span> <span class='ocrx_word' id='word_1_484' title='bbox 1472 4547 1510 4597; x_wconf 64' lang='lat'>43</span> 
     </span>
     <span class='ocr_line' id='line_1_48' title="bbox 372 4623 1511 4692; baseline 0.002 -18"><span class='ocrx_word' id='word_1_485' title='bbox 372 4625 452 4674; x_wconf 84' lang='lat' dir='ltr'>multa</span> <span class='ocrx_word' id='word_1_486' title='bbox 473 4626 499 4673; x_wconf 88' lang='lat' dir='ltr'>in</span> <span class='ocrx_word' id='word_1_487' title='bbox 520 4627 630 4676; x_wconf 82' lang='lat' dir='ltr'>Musaeis</span> <span class='ocrx_word' id='word_1_488' title='bbox 646 4629 770 4677; x_wconf 84' lang='lat' dir='ltr'>hodiernis</span> <span class='ocrx_word' id='word_1_489' title='bbox 786 4633 921 4684; x_wconf 75' lang='lat' dir='ltr'>teruntur,</span> <span class='ocrx_word' id='word_1_490' title='bbox 963 4624 978 4685; x_wconf 88' lang='grc' dir='ltr'><em>ἡ</em></span> <span class='ocrx_word' id='word_1_491' title='bbox 997 4624 1021 4674; x_wconf 78' lang='grc' dir='ltr'>δὲ</span> <span class='ocrx_word' id='word_1_492' title='bbox 1038 4624 1139 4690; x_wconf 82' lang='grc' dir='ltr'>ὄρνιςὴ</span> <span class='ocrx_word' id='word_1_493' title='bbox 1158 4625 1207 4690; x_wconf 88' lang='grc' dir='ltr'>πρὸ</span> <span class='ocrx_word' id='word_1_494' title='bbox 1219 4628 1264 4675; x_wconf 85' lang='grc' dir='ltr'>τοῦ</span> <span class='ocrx_word' id='word_1_495' title='bbox 1271 4623 1400 4691; x_wconf 46' lang='grc' dir='ltr'>’Ἐρμωνοη</span> <span class='ocrx_word' id='word_1_496' title='bbox 1415 4627 1511 4692; x_wconf 79' lang='grc' dir='ltr'>πιμελε-</span> 
     </span>
     <span class='ocr_line' id='line_1_49' title="bbox 374 4703 1511 4775; baseline 0.004 -24"><span class='ocrx_word' id='word_1_497' title='bbox 374 4719 419 4752; x_wconf 91' lang='lat' dir='ltr'>usu</span> <span class='ocrx_word' id='word_1_498' title='bbox 436 4719 533 4768; x_wconf 88' lang='lat' dir='ltr'>quoque</span> <span class='ocrx_word' id='word_1_499' title='bbox 549 4706 615 4755; x_wconf 86' lang='lat' dir='ltr'>trita.</span> <span class='ocrx_word' id='word_1_500' title='bbox 648 4707 682 4755; x_wconf 81' lang='lat' dir='ltr'>Et</span> <span class='ocrx_word' id='word_1_501' title='bbox 703 4707 761 4770; x_wconf 89' lang='lat' dir='ltr'>quid</span> <span class='ocrx_word' id='word_1_502' title='bbox 783 4706 859 4768; x_wconf 85' lang='lat' dir='ltr'>longo</span> <span class='ocrx_word' id='word_1_503' title='bbox 875 4720 922 4754; x_wconf 90' lang='lat' dir='ltr'>usu</span> <span class='ocrx_word' id='word_1_504' title='bbox 942 4753 945 4775; x_wconf 46' lang='grc' dir='ltr'>ι</span> <span class='ocrx_word' id='word_1_505' title='bbox 964 4703 1040 4770; x_wconf 76' lang='lat' dir='ltr'>oripo</span> <span class='ocrx_word' id='word_1_506' title='bbox 1050 4703 1104 4753; x_wconf 85' lang='grc' dir='ltr'>-ὁ</span> <span class='ocrx_word' id='word_1_507' title='bbox 1118 4703 1143 4753; x_wconf 77' lang='grc' dir='ltr'>δὲ</span> <span class='ocrx_word' id='word_1_508' title='bbox 1153 4704 1291 4768; x_wconf 64' lang='grc' dir='ltr'>Ζηνόθεμις</span> <span class='ocrx_word' id='word_1_509' title='bbox 1305 4705 1353 4763; x_wconf 72' lang='grc' dir='ltr'>τὴν</span> <span class='ocrx_word' id='word_1_510' title='bbox 1368 4703 1428 4770; x_wconf 73' lang='grc' dir='ltr'>παρ’</span> <span class='ocrx_word' id='word_1_511' title='bbox 1442 4705 1511 4769; x_wconf 73' lang='grc' dir='ltr'>αὐτῷ</span> 
     </span>
    </p>
   </div>
   <div class='ocr_carea' id='block_1_4' title="bbox 0 0 1888 5759">
    <p class='ocr_par' dir='ltr' id='par_1_4' title="bbox 0 0 1888 5759">
     <span class='ocr_line' id='line_1_50' title="bbox 0 0 1888 5759; baseline 0 0"><span class='ocrx_word' id='word_1_512' title='bbox 0 0 1888 5759; x_wconf 95' lang='lat' dir='ltr'> </span> 
     </span>
    </p>
   </div>
  </div>
 </body>
</html>
