3750 5759
757 666 1107 733 sATrRARUM

414 854 522 933 Quum
546 875 596 918 res
620 853 692 937 ipsa
714 852 803 917 feret
852 852 925 916 Nisi
949 852 1064 916 dextro
1088 858 1234 937 tempore
1263 851 1375 918 Flacci

411 958 518 1023 Verba
541 979 597 1042 per
619 962 780 1021 attentam
805 977 870 1020 non
895 955 992 1020 ibunt
1016 955 1163 1020 Caesaris
1186 977 1315 1034 aurem3

415 1062 477 1128 Cui
502 1062 588 1126 male
613 1061 641 1126 si
665 1061 811 1146 palpare,
835 1059 1019 1124 recalcitrat
1041 1059 1186 1145 undique
1209 1064 1339 1125 tutus.“

363 1233 365 1237 ,
413 1168 567 1250 „Quanto
589 1166 710 1232 rectius
734 1166 812 1247 hoc,
837 1186 936 1249 quam
961 1162 1048 1228 tristi
1072 1163 1198 1228 laedere
1221 1184 1318 1228 versu

413 1272 630 1337 Pantolabum
656 1292 801 1336 scurram
824 1269 1134 1352 Nomentanumque
1156 1272 1329 1352 nepotem,

367 1431 499 1496 ipsasert:
512 1433 648 1481 Illinebue
658 1429 915 1494 transjuretareirpo.
955 1428 1039 1483 eredo,
1057 1426 1083 1473 in
1100 1426 1295 1489 comparatione,
1317 1423 1468 1487 pracsertim
1485 1423 1512 1470 in

367 1511 434 1560 Hinc
449 1509 495 1558 illa
505 1510 690 1567 historieomm,
700 1516 728 1557 ut
740 1507 855 1558 Sallustii
867 1506 914 1557 Ca·
956 1505 1052 1562 Satira,
1068 1519 1219 1569 quemquam
1235 1503 1386 1561 offenderet,
1403 1502 1426 1550 si
1445 1501 1512 1564 lege-

367 1590 402 1638 til.
420 1591 453 1639 V.
490 1592 542 1638 Res
558 1589 915 1652 ipsabortarieidetur,quo·
955 1592 1038 1634 retur:
1064 1585 1114 1634 Cui
1130 1588 1195 1635 vitale
1210 1600 1289 1648 equits
1304 1585 1415 1647 palpare
1431 1584 1513 1649 raeed-

367 1673 437 1718 niam
459 1672 489 1718 de
504 1671 613 1719 nitoribus
629 1670 741 1718 unitatis
758 1673 855 1729 terripue
871 1669 914 1716 ad·
956 1667 1049 1724 citrat,
1077 1666 1186 1728 undique
1214 1669 1294 1713 tutus.
1339 1663 1444 1726 Equus,
1473 1661 1514 1709 cui

369 1750 476 1804 retonuit,
497 1762 577 1810 supra
599 1753 716 1810 repetere.
749 1746 799 1796 Ubi
823 1746 916 1795 similia
955 1743 1033 1804 male,
1049 1750 1158 1806 tempore
1174 1756 1224 1791 non
1239 1749 1380 1807 opportuno
1389 1741 1449 1805 quis
1461 1739 1514 1804 pal·

368 1827 497 1875 annotavit
513 1824 581 1874 Cort
599 1825 673 1875 Adde
690 1825 804 1876 Oudend.
821 1825 915 1888 adAp
956 1830 1040 1885 patur,
1063 1822 1158 1870 nolenti
1178 1823 1255 1886 igitur
1276 1831 1301 1871 et
1321 1823 1403 1872 in'vito
1424 1821 1514 1885 palpa-

368 1906 420 1969 pul.
438 1906 542 1955 Metam,
558 1904 607 1953 IV.
624 1920 648 1967 p.
663 1906 720 1957 247.
747 1907 799 1953 Rea
815 1911 916 1953 aciens·
956 1910 1010 1961 tur,
1027 1901 1177 1959 recalcitrat,
1200 1909 1224 1951 et
1244 1903 1353 1966 undique
1369 1909 1457 1959 earet,
1483 1915 1514 1950 na

366 2001 417 2049 pus
432 1988 516 2049 ipsum
532 1987 639 2034 laeuum
656 1991 682 2034 et
697 1986 829 2048 speluncae
838 1986 916 2042 iltius,
956 1990 1085 2045 tangatur:
1103 1982 1234 2045 palpatum
1250 1981 1359 2046 undique
1376 1981 1460 2030 ealees
1477 1982 1515 2030 in-

368 2065 915 2129 quamlatronesinhabitabuntdeacriptio-
956 2070 1043 2111 tentat.
1076 2062 1150 2124 Equo
1169 2062 1266 2125 palpari
1287 2060 1383 2121 solent,
1399 2071 1429 2110 ut
1446 2077 1473 2109 v.
1492 2077 1515 2111 c.

369 2161 425 2193 nem
441 2159 564 2206 expetiere
582 2143 699 2205 flapuat.
733 2143 781 2191 Est
804 2143 866 2191 adeo
890 2143 917 2191 in
957 2144 984 2191 in
1001 2143 1078 2206 pratis
1102 2143 1211 2206 pascenti
1228 2143 1297 2192 frena
1313 2143 1426 2192 inliciant
1443 2157 1515 2192 eum·

369 2222 477 2272 formula
491 2223 560 2271 notio
575 2223 696 2285 quaedam
712 2223 917 2279 necessitatis,ab
957 2237 1006 2288 qne
1027 2223 1134 2287 capiant.
1168 2222 1367 2274 commentator:
1389 2223 1436 2283 „Si
1458 2225 1517 2289 quis

370 2303 417 2352 boc
432 2303 488 2351 loeo
497 2301 601 2351 alienae.
626 2303 772 2366 Augustum
783 2302 917 2352 nonvalde
958 2305 1016 2353 ficta
1032 2303 1173 2353 adulatione
1189 2305 1350 2368 aggrediatur
1366 2303 1517 2364 Casuram,

370 2389 449 2441 amat,
472 2383 514 2446 qui
536 2396 562 2431 se
578 2383 604 2431 in
621 2397 649 2432 ee
665 2383 789 2431 laudando
804 2381 851 2431 sibi
867 2396 917 2430 non
958 2393 1088 2448 repugnat,
1105 2386 1240 2436 eontamnit
1255 2393 1280 2434 et
1295 2385 1403 2449 respuit,
1423 2399 1473 2434 nec
1489 2399 1517 2434 se

370 2461 512 2511 defuturum
529 2461 670 2526 profitetur,
687 2465 760 2511 eirea
774 2463 918 2524 ipsasmet,
958 2465 1037 2528 decipi
1062 2466 1179 2528 patitur.“
1220 2465 1271 2514 Cui
1295 2467 1359 2513 virale
1384 2479 1466 2528 equus
1492 2472 1518 2513 et

371 2556 410 2590 res
426 2543 480 2605 ipsa
496 2541 649 2600 admonebit,
667 2541 816 2597 hortabitur,
833 2541 918 2589 incita·
959 2548 1001 2593 cui
1018 2547 1083 2594 rurale
1099 2561 1160 2609 equo
1170 2545 1272 2608 perinde
1284 2553 1322 2594 est
1346 2544 1416 2593 Vide
1427 2543 1515 2594 Bentl

371 2622 419 2679 bit,
436 2622 560 2670 volentem
577 2621 701 2670 nolentem
718 2629 796 2684 coget.
826 2621 919 2669 Treba·
961 2625 993 2672 ad
1011 2623 1086 2674 Satir.
1103 2624 1140 2674 11.
1157 2639 1186 2673 11.
1204 2625 1244 2673 59.

372 2703 421 2751 tius
437 2702 561 2766 cupiebat,
579 2709 619 2759 ut,
636 2701 657 2750 si
664 2702 761 2762 fortem
772 2701 918 2764 Augustum
995 2705 1165 2752 Pantolabum
1181 2718 1299 2753 seurrmu
1313 2703 1517 2751 Nenscntanueu-

372 2785 513 2847 praedicare
529 2797 578 2831 nnn
595 2788 684 2845 posset,
697 2795 754 2830 eum
768 2781 920 2843 praedicaret
961 2797 1008 2845 que
1024 2788 1142 2843 nepotem.
1177 2782 1293 2846 Apitaius
1314 2795 1417 2829 versum
1433 2781 1518 2830 eiicie-

372 2865 472 2913 iustnm.
505 2864 560 2912 Hoe
584 2861 702 2918 facerem,
732 2860 814 2924 inquit
840 2861 919 2909 Hora·
963 2861 1022 2918 bat,
1039 2859 1097 2923 quia
1112 2860 1243 2911 Trebatius
1261 2867 1520 2924 nonpntarepotest,

372 2946 433 3002 tius,
454 2945 476 2992 ai
497 2950 593 3006 tempus
615 2947 679 2990 esset
700 2948 880 3003 opportunum,
897 2947 922 2988 et
962 2941 1070 2991 Satiram
1096 2940 1193 2989 Horatii
1220 2930 1301 2990 solum
1325 2941 1464 2989 consistere
1492 2941 1520 2989 in

372 3023 448 3071 verba
469 3038 525 3071 mea
544 3037 588 3086 per
609 3028 730 3070 attentam
747 3035 832 3069 aurem
849 3021 921 3070 irent.
963 3020 1102 3070 Pantolabo
1126 3034 1212 3069 scurra
1236 3021 1445 3084 Nomentanoque
1475 3034 1520 3069 ne-

373 3103 448 3152 Nune
469 3103 533 3150 illud
554 3108 651 3165 tempus
672 3115 722 3149 non
747 3108 792 3148 est.
825 3100 921 3161 Exspe-
962 3107 1019 3163 pote
1043 3101 1230 3163 proscindendo.
1264 3100 1317 3149 Nae
1342 3107 1395 3149 tota
1421 3100 1521 3160 Mnus,

373 3181 443 3230 etabo
459 3181 547 3245 igitur,
564 3181 642 3229 donec
657 3195 697 3228 res
712 3181 768 3241 ipsu
784 3179 830 3227 hoc
847 3177 922 3237 serat,
962 3194 1050 3228 scurra
1066 3180 1172 3243 quodam
1189 3187 1214 3229 et
1230 3187 1318 3244 nepote
1340 3179 1470 3238 valliente,
1493 3181 1521 3228 in

374 3271 402 3311 ut
427 3262 571 3324 Augustum
595 3260 700 3308 laudare
721 3260 813 3323 possim
834 3273 863 3306 ac
878 3259 920 3306 de·
963 3259 1077 3308 timorem
1094 3260 1231 3309 coniicitur.
1265 3261 1300 3310 Et
1313 3259 1450 3309 mihiolim
1462 3274 1521 3308 ver·

374 3340 452 3389 boam.
485 3341 517 3390 In
534 3355 575 3398 eo,
593 3347 621 3389 ut
637 3339 760 3396 dicebam
778 3352 827 3386 nou
844 3338 921 3386 cerni-
964 3352 1005 3386 sus
1022 3352 1076 3386 esse
1096 3339 1205 3388 intrusus
1228 3338 1368 3397 videbatur,
1390 3338 1465 3388 fictus
1488 3341 1523 3388 ad

374 3431 415 3469 tur
430 3422 540 3470 studium
557 3427 582 3469 et
597 3419 732 3484 cupiditas,
748 3433 811 3482 quse
828 3418 854 3465 in
871 3418 922 3467 He
964 3416 1106 3480 exemplum
1124 3417 1197 3468 Satir.
1214 3418 1236 3467 Ι.
1248 3430 1348 3466 vrr1.11.
1372 3419 1524 3468 Pantolabo

374 3502 438 3550 ratio
462 3507 625 3564 exspectatur.
667 3499 743 3548 Haud
768 3498 815 3546 sibi
840 3498 924 3546 deesse
964 3512 1069 3546 scurrae
1095 3499 1301 3560 Nomentanoque
1323 3499 1418 3559 nepoti.
1458 3498 1525 3547 Post

375 3581 457 3639 debet,
475 3578 551 3629 simul
568 3588 642 3643 atque
658 3596 699 3628 rea
714 3579 793 3643 feret.
827 3578 924 3640 Legen-
965 3578 1061 3625 laedere
1082 3575 1221 3639 cogitabam
1244 3578 1366 3634 leontinae,
1387 3562 1546 3640 aequatas

375 3661 435 3709 dnm
455 3667 527 3724 pute:
550 3661 639 3707 Haud·
652 3660 714 3706 mila·
737 3660 808 3707 deero
839 3658 924 3716 Quum
967 3657 1102 3713 Rotnanos,
1110 3655 1194 3718 qualia
1202 3654 1439 3719 substantivasaepe
1448 3657 1523 3706 omit-

376 3758 416 3790 rea
433 3743 486 3789 iata
496 3740 574 3803 feret
610 3741 681 3794 latu,
699 3736 925 3796 illud,oTrebati,
965 3741 1059 3784 tantur.
1094 3735 1144 3785 Sed
1160 3749 1187 3784 re
1203 3733 1308 3799 amplius
1324 3749 1450 3799 perpensa
1465 3751 1524 3786 sen·

376 3820 443 3883 quod
460 3833 475 3866 a
491 3833 531 3866 me
547 3818 623 3880 petis:
634 3818 719 3879 seret,
735 3816 855 3880 patietur,
871 3830 924 3879 per·
965 3816 1068 3864 tentiam
1085 3814 1188 3863 mutavi.
1223 3814 1369 3873 Trebatius,
1390 3823 1466 3878 puto,
1483 3831 1524 3865 re-

377 3899 473 3954 mittet,
490 3910 567 3960 quum
583 3911 610 3946 ss
625 3897 673 3944 ista
683 3896 783 3945 dabunt.
808 3896 924 3959 Ineptum
966 3896 1049 3959 spexit
1065 3894 1147 3958 ipsum
1164 3895 1237 3945 illum
1254 3900 1355 3945 ‘versum
1372 3897 1475 3946 Horatii
1491 3898 1525 3947 de

378 3986 403 4027 et
419 3976 524 4026 stultum
540 3982 578 4024 est
588 3975 680 4024 dieere:
693 3977 762 4024 baud
772 3977 835 4024 aiibi
846 3978 926 4034 deero,
967 3975 1107 4024 Pantolabo
1128 3983 1153 4024 et
1173 3975 1331 4025 Nomentano
1351 3977 1378 4025 in
1396 3976 1482 4026 Satira
1500 3978 1525 4028 Ι.

376 4060 400 4107 si
421 4071 461 4106 res
477 4057 533 4118 ipsu
544 4055 622 4118 seret.
967 4071 1026 4105 vm.
1049 4055 1150 4105 Rectius
1166 4061 1215 4112 est,
1228 4055 1320 4120 inquit,
1336 4055 1485 4114 Caesarem,
1501 4059 1525 4105 si

413 4136 463 4185 Cui
479 4139 544 4186 anule
558 4137 582 4185 ai
595 4138 713 4200 palpare,
724 4137 871 4188 resoluerat
881 4151 926 4184 un·
968 4153 1018 4187 non
1024 4135 1525 4202 potesfortem,atiuatumlaudare,quam

378 4219 453 4280 dique
477 4222 558 4266 tutas.
591 4218 743 4283 Interpretes
768 4216 927 4280 comparatio
968 4230 1065 4267 scurras
1076 4223 1101 4265 et
1112 4223 1212 4279 nepotes
1224 4216 1330 4275 laedere,
1342 4232 1417 4281 quam
1432 4218 1525 4266 satiras

379 4310 436 4346 nem
452 4297 541 4345 duram
558 4303 583 4346 et
594 4297 749 4347 inhonestam
760 4305 855 4362 putant.
871 4297 928 4360 Ipse
968 4295 1087 4354 scribere,
1108 4302 1133 4344 et
1152 4294 1251 4344 irritare
1272 4311 1296 4344 v.
1314 4310 1335 4345 e.
1352 4295 1525 4347 Pantolabum

378 4377 507 4428 Bentluus
517 4391 550 4426 ex
562 4376 637 4429 MSS.
649 4378 765 4442 praetulit
775 4380 861 4428 modes
872 4377 929 4426 sub·
969 4384 994 4425 et
1010 4375 1209 4437 Nomentanum,
1226 4382 1255 4424 nt
1271 4375 1381 4425 irritasti.
1415 4378 1526 4435 Quanto

379 4457 501 4506 iunetires
512 4456 652 4506 indicativis
659 4461 767 4521 palpare
774 4460 931 4516 recusauit,
971 4458 1063 4504 rectius
1080 4457 1123 4504 bec
1139 4456 1175 4503 ita
1187 4454 1324 4519 supplenda
1334 4462 1404 4505 sunt:
1418 4455 1525 4516 Quanto

380 4538 423 4601 qui
439 4544 498 4586 sunt
513 4538 540 4586 in
556 4538 613 4587 aliis
631 4536 708 4588 MSS.
741 4538 797 4587 Hoc
822 4537 853 4586 de
869 4536 931 4587 Cae·
971 4534 1331 4586 rectiuslaudaroCaesarem:
1348 4550 1398 4585 non
1409 4535 1524 4584 benese-

380 4630 436 4667 sare
453 4618 527 4667 nimis
545 4617 701 4666 familiariter
717 4617 810 4665 dietum
828 4615 930 4665 arbitra-
972 4622 1101 4679 queretur;
1117 4632 1193 4678 quam
1211 4617 1282 4664 nisti
1298 4618 1395 4665 laedae
1410 4630 1493 4664 cerna.

381 4706 437 4758 tur,
463 4712 492 4748 sc
520 4711 597 4761 paene
624 4696 807 4747 contumeliose.
848 4696 932 4753 Nihil,
1005 4694 1140 4744 Doderlino
1168 4708 1266 4759 qnoque
1294 4695 1426 4745 Trebatius
1454 4694 1525 4744 hune
