3750 5759
697 698 741 758 Π.
791 715 918 761 sumna
942 718 1009 773 vu,
1035 717 1109 761 vru.
1411 701 1473 766 195

340 896 429 943 quens,
448 881 472 929 in
490 895 576 929 omncs
593 881 683 930 scilicet
700 884 798 939 domos,
816 883 946 942 convivia,
970 883 1091 946 porticus,
1110 883 1203 946 templa
1223 884 1284 946 ipsa.
1316 886 1394 947 Sequi
1409 885 1477 948 illus·

339 968 389 1009 trat
405 976 437 1009 cx
455 958 539 1009 (latur.
557 960 593 1008 Il.
613 974 640 1009 v.
675 963 735 1009 Iam
752 967 777 1009 te
792 968 909 1024 sequetur
926 969 951 1009 ot
968 962 1016 1011 IV.
1035 976 1053 1010 1.
1082 964 1142 1012 lara
1158 965 1282 1012 uolucrem
1298 978 1393 1026 sequor.
1421 965 1477 1028 Ego

339 1057 407 1089 nunc
421 1041 555 1102 legendum
571 1039 686 1088 coniicio:
706 1042 763 1089 Non
781 1043 871 1089 liabita
888 1048 1001 1090 mutatve
1022 1045 1093 1101 toros
1108 1047 1243 1105 pereatque
1262 1044 1393 1104 pudenter.
1427 1045 1478 1107 Qui

254 1118 262 1125 '
338 1120 434 1182 proiicit
450 1120 570 1182 insignia,
587 1120 690 1167 anulum
707 1126 858 1183 equestrem,
875 1120 904 1168 fit
921 1135 1021 1178 servus,
1039 1128 1063 1170 et
1080 1121 1131 1169 alia
1147 1120 1205 1169 facit
1216 1121 1278 1169 hero
1290 1121 1406 1184 indigna,
1422 1138 1477 1187 pec·

338 1210 377 1249 cat
394 1201 445 1260 ita,
462 1207 490 1248 ut
507 1199 600 1247 nullius
617 1215 675 1248 cum
691 1199 727 1248 rei
743 1201 842 1262 pudeat.
877 1199 984 1250 Omnem
1002 1202 1122 1264 pudorem
1139 1201 1235 1249 abiecit.
1269 1201 1373 1261 Mulier,
1390 1217 1477 1265 quam-

338 1283 374 1329 vis
391 1287 486 1343 peccet,
504 1280 612 1343 aliquem
629 1287 711 1328 tamon
729 1281 848 1342 pudorem
865 1287 962 1339 servat,
984 1295 1035 1328 non
1052 1287 1132 1329 mutat
1149 1281 1274 1336 habitum,
1296 1287 1380 1329 manet
1396 1282 1476 1339 domi,

337 1360 483 1409 sollicitatur
499 1375 550 1408 nou
566 1359 697 1416 sollicitat,
714 1367 798 1422 peccat
815 1361 889 1416 ulcu,
906 1374 964 1408 eum
980 1360 1082 1408 moecho
1099 1360 1200 1423 quidem
1216 1366 1371 1422 comparata,
1380 1363 1475 1422 pudea-

338 1448 385 1490 ter.
410 1441 510 1501 Pereat,
530 1442 572 1489 scd
590 1441 675 1489 videas
692 1441 761 1488 illam
778 1441 882 1503 pudere;
900 1449 984 1504 peccat
1001 1442 1173 1489 verecundius.
1196 1441 1292 1491 Gellius
1308 1441 1341 1490 N.
1360 1441 1393 1490 A.
1411 1440 1475 1490 XII.

338 1535 376 1569 xr.
394 1522 471 1569 verba
486 1519 626 1584 philosophi
643 1520 775 1583 Peregrini
791 1519 878 1567 refert:
902 1522 933 1568 Si
955 1522 1039 1568 sciant
1057 1522 1166 1569 hanzines
1181 1522 1373 1592 nihilomnium
1389 1535 1476 1569 reram

337 1603 438 1650 diutins
452 1614 524 1664 posse
540 1602 635 1657 celari,
651 1601 792 1662 repressius
809 1600 995 1662 pudentiusque
1010 1601 1164 1668 peccabitur.
1198 1599 1241 1647 Ex
1255 1601 1381 1661 pudenter
1398 1599 1475 1648 literis

336 1680 403 1728 mele
419 1679 572 1742 transpositis
589 1680 689 1727 tandem
706 1678 773 1727 nasci
789 1678 870 1742 potuit
886 1693 1002 1740 superne.
1037 1679 1069 1728 In
1086 1677 1147 1728 Coa.
1166 1678 1226 1728 Sex.
1244 1684 1297 1727 erat
1313 1685 1454 1740 pereatque.

387 1758 417 1807 P.
437 1760 490 1811 167.
528 1761 613 1818 Quam
630 1765 654 1807 te
664 1759 789 1822 sorniidet
806 1759 902 1807 mulier.
937 1758 978 1806 De
995 1757 1114 1816 muliere,
1133 1774 1196 1822 quae
1211 1760 1350 1822 praecedit,
1367 1758 1415 1806 dici
1427 1772 1476 1807 non

336 1845 428 1901 potest,
446 1837 487 1887 vel
504 1845 603 1902 propter
618 1844 749 1901 peecatum
767 1839 857 1894 herile,
874 1836 944 1884 cuius
962 1837 1060 1886 conscia
1076 1843 1113 1886 est
1131 1853 1209 1887 serva.
1243 1837 1293 1887 Sed
1304 1839 1354 1886 iam
1365 1838 1409 1886 alii
1420 1846 1477 1887 ante

337 1933 377 1966 me
393 1916 475 1966 locum
492 1918 673 1974 distinxerunt,
691 1922 718 1964 ut
736 1916 856 1980 distingui
873 1916 993 1964 volebam.

386 1996 418 2045 P.
439 1997 493 2046 168.
528 2000 686 2061 Dominoque
696 1997 802 2058 furenti
832 1996 980 2045 Coramittes
997 2012 1049 2045 rem
1066 2012 1161 2046 omnem
1179 2003 1205 2047 et
1221 1999 1341 2047 vitamet
1358 2013 1414 2048 eum
1425 2013 1477 2048 eor·

335 2091 397 2137 pare
406 2077 517 2139 famam.
551 2076 644 2127 Melior
662 2078 736 2125 ordo:
757 2077 904 2126 committes
921 2091 973 2123 rem
991 2091 1086 2125 omnem
1103 2082 1129 2125 et
1139 2076 1254 2140 famem,
1272 2081 1297 2125 et
1308 2093 1364 2126 curn
1375 2092 1478 2140 corpore

336 2157 422 2204 ritum.
454 2157 489 2204 Es
506 2155 580 2219 plane
597 2157 623 2204 iu
640 2162 763 2220 potestate
773 2154 881 2220 domini.
914 2154 964 2203 Hic
980 2155 1026 2203 tibi
1042 2155 1137 2218 eripere
1153 2157 1475 2219 potestomnemrem,fa·

337 2250 419 2294 mam,
443 2250 532 2300 corpus
549 2243 574 2286 et
590 2237 676 2286 vitam.
711 2239 765 2286 Res
781 2236 894 2300 etfama
910 2236 1051 2297 iunguntur
1068 2237 1093 2283 in
1110 2251 1138 2284 re
1154 2236 1212 2295 tali,
1234 2238 1265 2285 de
1287 2252 1336 2300 qua
1361 2236 1478 2285 annotavi

336 2317 409 2378 adp.
426 2317 467 2364 20.
501 2319 584 2365 Fama
601 2320 696 2366 malum
712 2319 816 2380 qraoius
832 2333 909 2379 qaam
925 2331 967 2364 res
985 2318 1055 2365 tulit.
1090 2316 1122 2364 In
1139 2316 1249 2379 vulgatis
1260 2331 1312 2365 uon
1328 2322 1365 2365 est
1376 2316 1477 2364 climax.

341 2396 440 2458 Corpus
457 2397 516 2459 quid
533 2397 573 2444 hic
589 2397 725 2461 significet,
742 2406 830 2446 notum
848 2405 892 2446 est.

388 2475 419 2524 P.
438 2477 492 2525 169.
527 2479 640 2527 Eaterne¹
656 2481 765 2541 nequid
781 2480 866 2527 ualeat
880 2494 928 2542 per
953 2479 1004 2527 leue
1029 2480 1131 2526 narrari.
1164 2478 1241 2527 Hunc
1266 2491 1363 2525 versum
1388 2475 1477 2524 melius

315 2614 318 2623 ¹
337 2563 481 2618 sequeretur
499 2571 534 2605 vs.
551 2557 594 2606 84.
631 2559 711 2617 Quem
733 2573 811 2621 neque
830 2561 966 2620 pauperies
982 2573 1060 2620 aeque
1076 2571 1143 2606 mors
1160 2572 1238 2619 aeque
1254 2558 1356 2606 uincula
1374 2560 1485 2615 terreat,

387 2635 418 2684 P.
438 2636 491 2684 169.
530 2638 611 2698 Urqet
632 2638 698 2685 enim
717 2638 832 2686 dominus
852 2642 958 2685 arentem
977 2652 1026 2685 aon
1049 2637 1120 2684 terris.
1153 2636 1249 2685 Vocem
1272 2637 1386 2683 dominas
1406 2634 1477 2682 illus·

337 2715 414 2762 travit
430 2716 515 2764 Heius.
534 2717 565 2763 ad
583 2713 655 2765 Ovid.
673 2717 745 2765 Rem.
762 2717 802 2768 73.
820 2716 864 2763 ubi
880 2717 927 2764 ait:
946 2715 1029 2773 „Vide
1046 2714 1160 2762 divinam
1172 2713 1270 2762 Horatii
1283 2712 1401 2772 Satiram,
1412 2714 1478 2776 apud

338 2809 412 2857 quem
430 2794 498 2857 frugi
514 2795 557 2843 ille
573 2795 662 2843 Davus
679 2809 753 2857 super
778 2801 830 2843 tota
854 2796 901 2844 hac
926 2809 954 2843 re
979 2795 1079 2857 egregie
1107 2793 1318 2856 philosophatur.“
1351 2792 1423 2842 Nihil
1448 2793 1479 2840 ad

338 2874 438 2922 laudem
455 2875 555 2923 Horatii
572 2876 652 2923 maius
669 2876 716 2923 dici
733 2890 804 2938 posse
822 2875 936 2924 arbitror.
970 2875 1063 2923 Nescio
1088 2889 1119 2922 an
1142 2874 1273 2937 sospitator
1290 2872 1331 2921 ille
1348 2872 1479 2935 politorum

339 2969 448 3017 unquam
467 2969 568 3003 sensum
584 2956 618 3003 sic
635 2955 805 3003 declaraverit.

387 3035 417 3082 P.
438 3036 491 3086 170.
525 3037 648 3098 Idaeique
663 3038 739 3098 pedes
755 3037 873 3084 citiorum
886 3035 961 3099 ferre
978 3040 1097 3084 recusant
1127 3033 1231 3096 Corpus.
1266 3031 1391 3082 Coniicio:
1413 3029 1480 3078 Illu-

338 3117 452 3176 dantqae
468 3117 555 3176 pedes,
567 3111 693 3163 'uitiosum
709 3121 734 3164 et
747 3115 824 3176 serre
840 3122 961 3165 recusant
992 3114 1100 3177 Corpus.
1140 3113 1253 3161 Illudunt
1271 3112 1328 3170 tibi,
1346 3119 1370 3160 te
1387 3110 1478 3159 fallunt

338 3202 480 3241 recusantes
499 3193 563 3242 ferre
581 3208 671 3257 corpus
689 3195 724 3242 ita
741 3195 864 3243 vitiatum.

388 3274 419 3321 P.
439 3275 493 3325 171.
532 3275 605 3322 Unde
621 3276 684 3322 arilei
701 3275 831 3337 lapidem?
864 3272 980 3322 Iuvenal.
998 3272 1074 3323 Satir.
1093 3272 1169 3321 XIV.
1186 3272 1227 3320 56.
1261 3273 1333 3320 Unde
1353 3271 1399 3318 tibi
1403 3269 1479 3331 fron·

339 3359 389 3401 tem
406 3355 596 3417 libertatemque
614 3353 753 3416 parentis?

746 3465 802 3508 11.
838 3455 975 3505 SATIRA
999 3455 1076 3504 VIII.

389 3588 419 3636 P.
439 3588 493 3638 171.
530 3585 599 3634 altar
615 3588 705 3635 dictus.
740 3586 796 3634 Lim
814 3585 918 3634 XXIV.
936 3586 961 3631 4.
997 3586 1032 3631 Ia
1050 3584 1141 3633 Sicilia
1160 3583 1283 3631 Romanis
1299 3583 1384 3630 omnia
1400 3585 1480 3629 muta·

338 3674 411 3717 cerat
428 3681 494 3715 mors
512 3665 640 3716 Hieronis.
1313 3674 1316 3677 ·

389 3748 419 3795 P.
439 3748 493 3799 172.
528 3747 610 3794 Acria
626 3747 721 3795 dream
741 3747 862 3808 Repete,
879 3746 1008 3800 lactucae,
1027 3745 1139 3799 radices,
1161 3743 1249 3805 qualia
1263 3742 1360 3789 lassum
1378 3741 1480 3788 Perosi-

339 3827 396 3873 lunt
417 3827 586 3883 stomachum,
609 3827 687 3882 siser,
706 3827 788 3881 halec,
804 3824 912 3885 faecula
941 3822 1001 3872 Coa.
1037 3820 1207 3884 Rapularum,
1228 3819 1396 3878 lactucarum,
1417 3817 1482 3865 radi-

339 3920 396 3953 cum
413 3905 529 3954 viscatis
549 3919 667 3968 expressa
684 3905 780 3952 videtur
797 3917 841 3966 per
860 3906 947 3951 aeria:
976 3916 1040 3965 quae
1066 3906 1203 3964 sequuntur
1225 3901 1300 3958 saer,
1326 3901 1408 3957 talea,
1422 3899 1480 3960 fae·

339 3990 397 4036 cula
420 3988 472 4036 Coa
491 3986 543 4033 vim
564 3984 657 4032 habent
671 3983 804 4040 maiorem,
823 3996 886 4044 quac
904 3981 966 4028 adeo
983 3981 1064 4042 magis
1081 3977 1179 4043 proprie
1196 3980 1311 4026 dicuntur
1328 3981 1482 4028 stomachum

337 4070 481 4129 percellere.
515 4065 631 4113 Fortasse
647 4063 795 4126 legendum:
819 4063 899 4111 Acria
922 4064 1019 4110 circum
1037 4062 1156 4123 Reputo,
1173 4061 1286 4119 radices,
1302 4060 1428 4117 lactucae,
1445 4062 1482 4113 et,

339 4148 426 4209 qualia
444 4147 539 4193 lassum
559 4146 707 4192 Peroeltuat
724 4142 892 4197 sternacium,
909 4143 984 4199 siser,
1004 4141 1086 4196 halec,
1097 4138 1205 4201 faecula
1225 4136 1285 4186 Coa.

388 4227 418 4274 P.
439 4227 492 4277 172.
531 4225 598 4271 Nam
623 4228 722 4272 caetera
748 4225 831 4269 turba.
866 4220 971 4268 Minoris
996 4219 1102 4281 ingenii,
1131 4218 1204 4282 gulae
1233 4233 1282 4266 non
1309 4225 1361 4265 tam
1389 4217 1481 4266 doctae.

341 4306 415 4357 Ovid.
432 4306 501 4354 Post.
525 4302 576 4351 III.
599 4302 656 4350 628.
691 4302 790 4363 Incipit
817 4302 920 4349 Aeneas.
955 4300 1065 4348 Caetera
1095 4301 1172 4346 turia
1197 4299 1262 4346 silet.
1295 4298 1482 4360 Frequentatur

341 4389 418 4435 turba
435 4382 591 4445 dignioribus
609 4381 729 4443 opposita.

390 4466 421 4514 P.
441 4465 495 4515 173.
529 4463 572 4511 Ad
589 4468 668 4509 artem
685 4461 757 4507 istam
775 4474 890 4509 cocorum
908 4459 966 4506 facit
983 4457 1062 4516 illud,
1089 4459 1155 4521 quod
1182 4458 1247 4520 apud
1273 4456 1378 4505 Livium
1396 4463 1482 4503 narrat

341 4545 499 4592 Flamininus
517 4542 634 4593 XXXV.
652 4543 691 4590 49.
722 4543 774 4589 Est
791 4547 876 4589 autem
893 4556 934 4589 res
946 4540 1077 4587 simillima
1090 4555 1178 4588 ceurae
1192 4538 1366 4587 Chalcidensis
1379 4537 1483 4598 hospitis

341 4629 402 4684 rucei,
419 4626 526 4674 taurinis
542 4628 567 4672 et
584 4623 641 4671 boni
657 4627 682 4670 et
698 4623 757 4670 sciti
774 4622 949 4670 convivatoris.
986 4620 1064 4681 Apud
1085 4634 1156 4682 quem
1173 4618 1304 4666 aodtitiati
1321 4622 1430 4678 tempore
1445 4630 1482 4664 eo·

341 4706 416 4752 ariter
442 4707 539 4767 accepti
560 4719 637 4766 quum
655 4703 820 4759 miraremur,
838 4703 904 4749 sende
921 4702 962 4749 illi
979 4714 1006 4748 eo
1023 4705 1132 4762 ternpore
1148 4699 1211 4746 anni
1228 4703 1282 4745 tam
1300 4699 1382 4746 nauita
1399 4701 1423 4745 et
1440 4711 1482 4744 aa·

1143 4857 1145 4861 .
1238 4777 1303 4841 13*
