3750 5759
458 698 490 736 Vl
1007 709 1045 718 *-

458 856 540 912 muni
562 857 641 912 bono
663 854 846 929 praesidium
868 862 898 910 et
920 853 1024 923 decus,
1043 853 1248 925 honestaeque
1264 851 1437 927 paupertati
1453 851 1597 917 solamen,

458 961 507 1017 cui
533 960 592 1016 iam
618 976 742 1015 avorum
774 957 918 1014 inusitata
946 956 1113 1013 liberalitas
1138 956 1269 1032 hospitia
1301 963 1494 1013 exstruxerat
1520 953 1598 1010 tanti

458 1062 640 1139 splendoris,
663 1070 696 1118 ut
717 1061 889 1137 Imperator
909 1061 1096 1118 Francorum
1117 1061 1343 1118 Mareschalcos
1365 1078 1435 1117 suos
1454 1077 1513 1118 non
1534 1067 1598 1115 tam

457 1171 534 1226 bene
559 1167 698 1224 habitare
720 1166 844 1223 diceret.
887 1164 976 1221 Adde
1004 1165 1222 1221 nobilissimam
1248 1164 1430 1221 Hollandam
1461 1163 1597 1223 Societa-

367 1297 369 1300 ·
458 1283 519 1331 tem
546 1271 751 1341 scientiarum,
774 1270 911 1326 Museum
933 1288 970 1325 ex
992 1269 1092 1342 legato
1114 1267 1252 1342 Teyleri,
1272 1268 1397 1325 hominis
1412 1267 1536 1343 privati,
1552 1287 1597 1325 re·

457 1377 504 1453 gie
526 1377 641 1434 erudito
661 1395 759 1433 rerum
781 1375 1006 1432 utilissimarum
1027 1375 1100 1431 luxu
1114 1374 1307 1442 instructum,
1323 1376 1513 1449 eiusdemque
1528 1373 1597 1432 001-

457 1481 567 1558 legium
592 1481 821 1557 Theologicum,
851 1481 970 1537 scholas
994 1481 1026 1537 in
1052 1499 1106 1537 suo
1132 1499 1281 1554 quamque
1303 1501 1414 1556 genere
1443 1491 1598 1556 praestan·

457 1597 517 1661 tes,
540 1606 666 1662 eumque
687 1589 778 1662 vulgo
800 1587 909 1644 artium
932 1595 963 1642 et
982 1587 1137 1644 literarum
1158 1605 1303 1657 amorem,
1326 1585 1378 1658 qui
1400 1588 1514 1645 semina
1535 1607 1598 1644 non

459 1693 618 1751 affectatae
645 1692 842 1750 humanitatis
872 1711 927 1767 per
954 1691 1056 1748 domos
1082 1692 1184 1767 paullo
1215 1692 1402 1749 honestiores
1429 1703 1597 1767 spargeret.

459 1799 519 1856 Tot
539 1798 626 1855 bonis
650 1815 742 1871 quum
763 1797 943 1853 accederent
964 1797 1058 1853 silvae
1081 1797 1205 1871 agrique
1228 1797 1487 1869 circumiacentes,
1513 1816 1597 1872 mag·

459 1904 565 1961 nificae
598 1913 629 1961 et
650 1903 803 1978 elegantes
818 1900 923 1973 villae,
946 1902 978 1958 in
999 1901 1109 1977 quibus
1131 1911 1240 1958 natura
1256 1912 1285 1960 et
1300 1921 1363 1974 ars,
1380 1904 1453 1976 quid
1468 1922 1598 1960 amoena

460 2013 605 2070 varietate
628 2016 764 2084 possent,
792 2015 923 2064 certasse
950 2006 1144 2078 videbantur,
1171 2008 1283 2064 rudera
1308 2007 1357 2063 hic
1384 2015 1515 2064 aetatem
1540 2006 1598 2066 Co-

453 2118 564 2174 mitum
585 2113 820 2183 Hollandorum,
841 2112 903 2168 illic
919 2112 980 2167 vim
996 2111 1166 2187 Hispanam
1184 2111 1295 2169 virtute
1313 2112 1423 2168 victam
1435 2114 1596 2183 testantia;

460 2229 492 2278 et
511 2220 600 2278 facile
626 2228 672 2276 est
692 2218 840 2291 iudicare,
857 2235 947 2290 qnam
965 2216 1051 2273 dulce
1074 2215 1257 2274 domicilium
1282 2216 1402 2274 Vriesio
1426 2217 1597 2292 contigerit.

501 2326 537 2383 In
559 2326 664 2382 eadem
681 2342 736 2398 ego
753 2325 828 2381 urbe
846 2330 959 2398 septem
975 2321 1038 2378 fere
1055 2339 1150 2378 annos
1163 2321 1236 2393 vixi,
1247 2331 1371 2379 vocatus
1389 2342 1416 2379 a.
1429 2339 1599 2382 mccccxvr

866 2402 870 2422 .

461 2451 497 2489 10
518 2430 706 2506 potissimum
727 2438 850 2485 auctore
872 2436 906 2484 ut
928 2426 1094 2502 Gymnasio
1115 2445 1295 2502 praeessem.
1339 2428 1402 2484 Diu
1424 2438 1514 2485 antea
1535 2431 1598 2486 iam

460 2537 562 2609 aliqua
588 2542 653 2591 erat
681 2532 761 2589 inter
786 2551 841 2589 nos
866 2531 989 2602 notitia,
1017 2539 1084 2587 orta
1104 2549 1159 2606 per
1179 2531 1356 2602 Boschium,
1380 2534 1428 2590 cui
1449 2535 1599 2592 Antholo-

459 2641 540 2714 giam
562 2638 718 2698 Graecam
739 2639 856 2710 edenti,
878 2658 957 2695 anno
977 2638 1067 2695 huius
1089 2638 1201 2694 saeculi
1216 2638 1306 2695 tertio
1329 2640 1488 2712 epistolam
1502 2641 1600 2699 Ruar-

465 2744 523 2817 dii,
552 2745 736 2803 Professoris
765 2744 971 2818 Groningani,
997 2744 1168 2815 tradebam,
1194 2743 1227 2800 in
1252 2762 1312 2817 qua
1339 2755 1417 2816 erat,
1440 2747 1470 2802 ni
1493 2746 1598 2818 fallor,

461 2852 605 2909 Latinum
627 2870 762 2922 carmen,
784 2851 872 2920 libro,
895 2857 930 2905 ut
949 2845 1013 2904 fieri
1036 2849 1147 2904 solebat
1168 2847 1229 2905 illis
1251 2850 1447 2923 temporibus,
1470 2870 1599 2928 praepo-

461 2958 609 3027 nendum,
644 2964 675 3012 et
702 2955 829 3012 fortasse
856 2954 959 3026 aliqua
984 2952 1042 3009 mei
1068 2952 1299 3025 commendatio,
1327 2954 1599 3031 Praeceptoratum

462 3063 692 3119 Harlemensem
714 3061 859 3137 petentis,
888 3078 977 3133 quem
998 3069 1027 3117 61
1049 3058 1178 3131 obtinui,
1202 3069 1232 3117 et
1253 3080 1364 3118 annum
1385 3061 1474 3136 gessi.
1517 3063 1598 3120 Tum

464 3165 591 3241 primum
614 3165 675 3222 vidi
697 3166 847 3222 hominem
868 3174 978 3222 natura
999 3174 1030 3222 et
1051 3165 1164 3236 studi0,
1186 3185 1279 3242 supra
1300 3185 1389 3240 quam
1405 3167 1530 3242 cogitari
1545 3188 1599 3245 po·

462 3279 534 3342 test,
557 3273 668 3327 bonum
690 3277 721 3326 61
742 3268 916 3343 simplicem.
960 3269 997 3326 111
1018 3268 1085 3345 ipso
1106 3271 1206 3342 vultu,
1227 3290 1315 3342 voce,
1338 3271 1443 3329 habitu
1466 3273 1543 3329 adeo
1565 3282 1598 3330 et

462 3376 545 3431 cultu
567 3391 755 3449 agnosceres.
798 3373 873 3430 Erat
893 3372 979 3445 mihi,
1007 3373 1092 3448 quasi
1119 3385 1251 3432 veterem
1272 3376 1440 3433 Romanum
1462 3377 1599 3452 adspice-

462 3499 539 3550 rem,
563 3488 711 3553 quatenus
733 3477 806 3535 civis
828 3479 1116 3536 Amstelodamensis
1137 3478 1203 3536 istis
1225 3480 1357 3554 antiquis
1378 3482 1512 3538 moribus
1535 3482 1597 3539 Ro-

462 3603 582 3641 manum
603 3592 723 3659 poterat
744 3583 867 3639 referre.
902 3581 1064 3658 Cognitum
1086 3585 1209 3657 deinde,
1233 3585 1258 3642 si
1279 3585 1376 3642 minus
1397 3586 1462 3662 ipso
1477 3604 1549 3657 usu,
1566 3598 1599 3643 at

462 3689 582 3765 scriptis
603 3687 845 3764 Wyttenbachii,
869 3698 899 3746 et
920 3691 1078 3765 praeclara
1098 3691 1151 3748 illa
1173 3681 1299 3749 Davidis
1320 3692 1425 3749 Iacobi
1447 3692 1599 3766 Lennepii

462 3793 650 3865 laudatione,
677 3794 857 3869 praesertim
883 3804 985 3852 autem
1011 3797 1197 3855 sermonibus
1219 3797 1385 3854 Abrabami
1407 3796 1541 3872 nepotis,
1564 3798 1600 3854 li-

464 3900 569 3956 benter
595 3916 663 3955 cum
684 3897 756 3955 Tito
777 3899 946 3975 Pomponio
968 3902 1072 3961 Attico
1100 3906 1325 3979 comparabam,
1357 3903 1415 3960 nisi
1442 3904 1521 3976 quod
1547 3903 1598 3960 hic

462 4001 601 4078 poeticen
627 4003 715 4059 modo
743 4003 926 4079 attingebat,
962 4027 999 4065 ne
1028 4007 1092 4067 eius
1122 4028 1231 4085 expers
1258 4019 1337 4067 esset
1362 4009 1533 4081 1111111111,
1563 4022 1599 4068 ut

463 4105 498 4164 C.
521 4107 624 4182 Nepos
645 4110 802 4180 credebat,
829 4111 880 4167 ille
909 4111 1069 4172 maximam
1094 4116 1175 4172 vitae
1202 4114 1383 4172 suavitatem
1404 4116 1474 4172 inde
1496 4133 1598 4190 spera·

461 4215 515 4270 bat
526 4223 556 4270 et
567 4214 750 4290 accipiebat;
762 4224 873 4286 tamen,
892 4227 926 4274 ut
937 4220 1102 4276 studiorum
1114 4218 1326 4277 dissimilitudo
1342 4217 1501 4276 amicitiam
1511 4219 1599 4296 Wyt-

466 4317 634 4389 tenbachii,
657 4318 718 4376 alia
727 4319 821 4395 magis
833 4321 976 4397 amantis,
992 4343 1052 4381 non
1067 4332 1184 4381 tantum
1195 4342 1254 4380 non
1266 4322 1421 4394 minuisse,
1437 4324 1490 4380 sed
1506 4323 1598 4379 etiam

462 4421 575 4478 arctius
597 4425 783 4481 contraxisse
804 4425 876 4481 mihi
900 4427 1021 4498 quidem
1043 4425 1191 4484 videatur.
1233 4427 1486 4503 Wyttenbachius
1507 4427 1596 4497 enim,

436 4523 608 4598 ,quidquid
639 4530 776 4586 nonnulli
803 4539 909 4587 contra
938 4529 1084 4605 suspicati
1105 4531 1232 4604 fuerint,
1256 4534 1418 4590 Boschium
1440 4509 1596 4608 diligebat.

462 4629 529 4686 Hoc
551 4649 640 4706 saepe
661 4652 699 4689 ex
720 4633 826 4706 vidua,
849 4636 924 4691 Iana
942 4635 1099 4706 Galliena,
1121 4639 1239 4695 erudita
1261 4648 1291 4695 et
1313 4639 1460 4712 elegantis
1483 4640 1597 4712 ingenii
