3750 5759
370 692 411 752 58
747 689 1127 793 salinarium

413 880 527 945 Infans
552 901 692 963 namque
715 878 820 962 pudor
841 879 1035 964 prohibebat
1057 880 1153 965 plura
1176 882 1314 966 profari,

411 985 486 1049 Non
508 1005 567 1068 ego
590 1005 642 1047 me
669 983 755 1048 claro
779 988 894 1047 natum
917 988 1025 1068 patre,
1050 1006 1117 1049 non
1143 1007 1203 1070 ego
1228 986 1349 1052 circum

411 1090 465 1154 Me
489 1088 679 1154 Satureiano
706 1088 827 1154 vectari
849 1110 923 1152 rura
947 1089 1088 1172 caballo,

413 1192 493 1274 Sed,
518 1192 604 1277 quod
628 1214 734 1274 eram⁷
760 1213 862 1257 narro.
912 1192 1120 1278 Respondes,
1146 1201 1184 1259 nt
1207 1202 1284 1262 tuns
1309 1202 1360 1262 est
1383 1219 1462 1278 mos,

412 1298 536 1374 Pauca3
561 1297 657 1378 abeo,
682 1302 715 1362 ct
738 1319 868 1362 revocas
894 1318 980 1361 nono
1003 1303 1080 1382 post
1103 1320 1214 1364 mense
1238 1299 1394 1386 iubesque

413 1402 496 1466 Esse
518 1400 553 1463 in
577 1400 752 1465 amicornm
777 1421 921 1465 numero.
970 1400 1131 1485 Magnum
1154 1402 1215 1466 hoc
1238 1424 1299 1488 ego
1323 1403 1421 1485 duco,

413 1504 506 1585 Quod
529 1503 639 1589 placui
663 1502 744 1585 tibi,
771 1503 827 1588 qui
851 1504 940 1589 turpi
964 1505 1105 1570 secernis
1128 1505 1323 1589 honestum,

394 1609 487 1680 ,Non
511 1613 603 1694 patre
626 1607 807 1692 praeclare,
832 1607 889 1672 sed
914 1607 982 1672 vita
1004 1613 1038 1673 et
1060 1615 1190 1694 pectore
1213 1632 1304 1694 puro,

411 1711 515 1797 Atqui
539 1712 567 1776 si
591 1710 681 1777 vitiis
705 1710 924 1776 mediocribus
948 1733 985 1776 ac
1008 1734 1082 1777 mea
1104 1713 1217 1798 paucis

368 1804 371 1814 ¹
412 1815 570 1880 Mendosa
593 1819 644 1880 cst
666 1820 799 1897 natura,
824 1815 948 1901 alioqui
970 1822 1076 1900 recta,
1100 1817 1192 1883 velut
1216 1818 1245 1884 si

413 1918 554 2003 Egregio
578 1919 742 2003 inspersos
766 1919 981 2004 reprehendas
1006 1942 1137 2006 corpore
1161 1943 1301 2007 naevos,

413 2023 449 2090 Si
472 2045 577 2108 neque
600 2023 772 2088 avaritiam
796 2046 900 2109 neque
924 2025 1034 2090 sordes
1059 2030 1117 2090 aut
1140 2027 1228 2091 mala
1251 2027 1357 2092 lustra

412 2126 554 2192 Obiioict
576 2149 649 2191 vere
673 2126 847 2212 quisquam
870 2127 971 2211 mihi,
995 2150 1096 2214 purus
1122 2135 1155 2195 et
1178 2129 1309 2214 insons,

412 2231 461 2296 Ut
483 2253 536 2295 me
559 2231 758 2314 collaudem,
784 2231 812 2296 si
835 2247 869 2297 et
892 2231 967 2297 vivo
991 2255 1083 2298 carus
1108 2234 1242 2316 amicis,

412 2335 519 2399 Causa
541 2333 606 2399 fuit
628 2342 721 2419 pater
743 2334 812 2418 his,
838 2336 895 2421 qui
915 2358 1024 2402 macro
1048 2359 1170 2423 pauper
1193 2338 1301 2424 agello

412 2438 530 2502 Noluit
549 2437 583 2502 in
608 2439 703 2503 Flavi
727 2439 844 2504 ludum
866 2462 919 2504 me
941 2441 1091 2524 mittere,
1117 2443 1230 2527 magni

414 2543 485 2622 ero
508 2543 600 2627 pueri
623 2542 753 2627 magnis
777 2565 795 2608 e
818 2543 1063 2609 centurionibus
1089 2545 1168 2629 orti,

412 2647 519 2712 Laevo
542 2647 693 2731 suspensi
716 2646 842 2712 loculos
866 2648 1079 2733 tabulamque
1103 2648 1242 2733 lacerto,

411 2751 510 2815 Ibant
533 2749 659 2815 octonis
683 2751 858 2816 referentes
883 2751 992 2817 idibus
1017 2775 1106 2836 aera,
1415 2835 1418 2841 ι

414 2856 478 2922 Sed
500 2878 638 2941 puerum
662 2861 713 2921 est
736 2878 835 2921 ausus
860 2857 1001 2921 Romam
1024 2863 1153 2942 portare
1176 2860 1358 2925 docendum

412 2961 526 3042 Artes,
551 2982 630 3044 quas
655 2959 769 3025 doceat
793 2959 900 3045 quivis
925 2983 1022 3046 eques
1046 2967 1144 3047 atque
1169 2969 1300 3029 senator

414 3064 524 3128 Semet
546 3068 733 3147 prognatos.
782 3063 917 3128 Vestem
942 3087 1116 3150 servosque
1140 3072 1329 3152 sequenteS,

412 3167 452 3229 In
476 3188 596 3251 magno
619 3172 658 3231 ut
680 3167 817 3252 populo,
843 3167 871 3232 si
898 3169 953 3253 qui
976 3169 1131 3253 vidisset,
1156 3171 1245 3237 avita

400 3381 509 3447 Epregto
525 3380 647 3440 inspersos
663 3378 801 3439 reprendas
812 3391 913 3439 corpore
955 3378 1041 3426 naevis
1059 3379 1171 3428 omnibus
1189 3387 1268 3439 caret,
1285 3382 1321 3428 ita
1336 3395 1409 3430 nemo
1421 3397 1469 3432 non
1480 3383 1502 3431 in

367 3475 462 3509 teneros.
478 3461 689 3522 Exspectaveram
700 3458 847 3519 deprendas.
863 3457 913 3506 Na·
957 3457 1039 3520 aliquo
1062 3459 1122 3507 vitio
1147 3466 1185 3508 cst
1210 3461 1368 3521 constitutus,
1394 3463 1437 3511 sed
1461 3462 1503 3511 fre-

367 3552 424 3588 tura
445 3555 501 3589 mea
522 3548 559 3589 est
575 3540 666 3587 vitiosa
681 3538 765 3599 paucis
781 3543 806 3585 et
823 3537 914 3585 medio·
956 3546 1074 3600 quanter,
1103 3539 1143 3586 cui
1171 3540 1266 3602 ignosci
1283 3541 1385 3603 possit.⁴‘
1418 3543 1502 3592 Mark-

367 3621 448 3668 cribus
465 3621 544 3678 vitiis,
556 3619 641 3667 similis
651 3618 752 3680 egregio
764 3617 871 3680 corpori,
889 3617 915 3663 in
957 3616 1045 3664 landus
1063 3632 1160 3680 quoque
1176 3618 1314 3669 coniecerat
1326 3623 1503 3683 deprehendar:

367 3715 416 3763 quo
433 3700 506 3748 naevi
527 3699 756 3761 deprehenduntur,
779 3697 916 3744 excusandi
958 3711 1075 3745 curcum
1092 3700 1189 3747 indocte
1201 3700 1333 3749 coniecisse
1344 3701 1409 3749 dicat
1420 3700 1504 3750 Kiroh·

368 3781 464 3842 potius,
493 3793 568 3841 qnam
596 3776 804 3839 reprehendendi,
834 3783 862 3822 ut
890 3776 916 3822 in
959 3791 1046 3833 uerus,
1083 3792 1134 3826 non
1171 3779 1289 3843 intelligo.
1329 3779 1426 3831 Caussa
1458 3794 1505 3830 uon

369 3859 490 3906 carmine:
508 3858 595 3906 Horat.
612 3856 692 3918 Epist.
709 3857 741 3902 ad
758 3855 842 3903 Pison.
860 3855 916 3904 351.
959 3865 1008 3915 cst,
1027 3859 1112 3915 credo,
1130 3859 1157 3907 in
1168 3862 1395 3925 deprehendaapro
1407 3863 1505 3925 depren-

373 3941 466 3987 Verum
487 3939 531 3986 nbi
545 3939 624 3999 plura
646 3937 729 3984 nitent
750 3937 917 3993 incarnatae,
959 3939 1015 3986 dar:
1023 3953 1081 3986 narn
1090 3941 1259 4000 deprehendas
1266 3941 1505 4003 pronuntiatnrtam·

369 4034 418 4067 non
434 4034 476 4079 epo
489 4019 580 4078 paneis
611 4017 735 4078 Offendor
748 4016 863 4064 maculis.
889 4014 917 4063 si
960 4031 1034 4079 quarn
1052 4020 1202 4080 deprendas,
1220 4021 1285 4082 quod
1303 4020 1341 4067 vir
1353 4021 1506 4070 doctissimus

370 4099 395 4146 in
412 4098 543 4145 iudicando
560 4095 673 4144 volumus
691 4110 744 4144 esse
766 4095 859 4151 severi,
882 4096 917 4143 ni·
961 4111 1010 4145 non
1028 4097 1164 4158 ignorabat.

369 4179 404 4227 hil
421 4185 470 4233 cst,
486 4177 511 4225 in
522 4191 570 4239 quo
582 4191 633 4224 non
643 4175 734 4240 aliquid
746 4176 918 4240 reprehendas.
998 4177 1024 4224 U
1024 4181 1034 4223 t
1050 4192 1089 4224 me
1104 4177 1248 4226 collaudem.
1284 4177 1312 4226 Si
1333 4185 1403 4240 pater
1424 4193 1508 4228 caussa

370 4259 444 4307 Satir.
462 4257 483 4306 Ι,
501 4271 528 4305 x,
545 4257 584 4305 52.
600 4273 637 4320 sq.
675 4259 852 4306 Terribilia
868 4271 919 4304 ma-
962 4256 1024 4314 fuit,
1045 4256 1178 4305 Horatium
1203 4257 1289 4320 paucis
1306 4264 1331 4306 et
1347 4260 1507 4308 mediocribus

369 4353 416 4398 quo
432 4340 520 4386 doctus
536 4338 695 4399 reprehendis
717 4338 842 4384 Homero?
863 4336 919 4384 'Iu-
961 4344 1058 4384 tantum
1077 4337 1143 4385 vitiis
1160 4336 1297 4392 laborasse,
1319 4337 1340 4383 si
1357 4339 1439 4387 omnis
1455 4337 1507 4386 laus

369 4417 432 4465 dicio
448 4424 531 4465 autem
548 4431 635 4465 severo
647 4424 670 4464 et
682 4416 866 4478 reprehensioni
880 4416 920 4463 hic
960 4414 1025 4478 patri
1038 4416 1184 4476 debebatur,
1196 4417 1353 4480 quomodote
1366 4420 1509 4466 collaudare

370 4509 420 4541 non
442 4502 478 4542 cst
499 4494 574 4542 locus.
613 4495 687 4542 Esset
709 4495 808 4543 iniusta.
843 4493 916 4544 Com·
939 4495 1056 4563 potuit?
1088 4497 1178 4545 Nonne
1196 4497 1276 4559 potius
1292 4495 1441 4559 legendum:
1471 4497 1509 4544 Ne

371 4580 505 4621 mentator:
530 4574 650 4630 „Confert
667 4576 744 4624 vitam
762 4590 833 4623 suam
850 4589 919 4637 egro·
938 4572 941 4649 ἱ
961 4591 998 4624 nte
1014 4577 1159 4625 collaudem.

371 4655 426 4715 gine
447 4661 471 4701 et
495 4654 615 4702 formosae
632 4655 703 4704 faciei
719 4657 804 4704 naevis
821 4657 919 4717 adsper·
939 4654 941 4699 l
994 4657 1029 4703 Ia
1040 4658 1278 4719 mopnorrtpopulo.
1303 4656 1443 4707 Lambinus
1457 4657 1509 4704 iun-

372 4747 424 4780 sac:
447 4748 504 4780 nam
530 4741 557 4779 ut
582 4733 651 4780 nulla
676 4735 755 4782 forma
781 4742 830 4793 cst,
857 4750 919 4796 quac
939 4708 941 4781 l
962 4735 1050 4796 gebat:
1077 4744 1118 4794 ut,
1144 4738 1164 4785 si
1186 4737 1241 4800 quis
1263 4738 1289 4786 in
1312 4754 1401 4801 mopno
1421 4737 1510 4801 populo
