3750 5759
443 702 501 740 vin
964 685 968 696 “
989 716 1027 724 -

442 863 494 932 do,
521 859 697 935 catalogum
723 859 868 929 absolvit,
897 860 927 914 in
956 876 1016 931 quo
1038 858 1113 914 nihil
1135 858 1174 913 ad
1195 860 1409 934 praestantiam
1431 860 1505 915 artis
1527 861 1579 916 ho-

444 968 564 1023 diernae
588 965 787 1022 desideratur.

483 1071 591 1143 Neque
613 1071 709 1126 minus
732 1067 897 1144 Gymnasio
918 1068 1051 1124 curando
1072 1066 1235 1142 gaudebat,
1257 1085 1323 1123 cum
1341 1068 1447 1124 florere
1462 1068 1581 1126 videret

444 1176 596 1233 voluntate
618 1183 649 1231 et
669 1171 818 1230 industria
833 1173 1059 1247 magistrorum,
1078 1181 1108 1228 et
1125 1172 1271 1228 bonorum
1290 1171 1506 1247 discipulorum
1521 1173 1581 1232 fre·

444 1282 574 1354 quentia.
618 1279 718 1336 Huius
743 1278 787 1336 rei
814 1261 879 1335 laus
905 1277 1014 1354 partim
1040 1278 1199 1348 tribuenda
1226 1285 1291 1334 erat
1319 1279 1440 1334 liberali
1461 1288 1492 1335 et
1511 1297 1581 1353 pru-

444 1386 524 1443 denti
556 1384 745 1442 consiliorum
778 1381 902 1453 rationi,
936 1400 1025 1455 quam
1055 1381 1106 1438 ille
1140 1391 1170 1438 et
1201 1382 1333 1456 collegae
1363 1384 1579 1456 sequebantur.

444 1489 586 1548 Contenti
608 1497 709 1557 eraut,
736 1489 761 1544 si
790 1486 889 1544 omnia
914 1495 997 1543 recte
1022 1485 1115 1557 irent,
1138 1487 1255 1560 sibique
1277 1497 1492 1562 persuaserant
1512 1507 1582 1561 eos,

443 1596 494 1669 qui
520 1596 610 1668 longo
636 1610 693 1650 usu
719 1593 827 1649 docere
850 1591 1032 1661 didicerant,
1065 1592 1180 1648 acutius
1207 1591 1237 1678 in
1260 1610 1383 1649 munere
1405 1593 1462 1650 rite
1486 1595 1582 1652 admi·

443 1701 599 1759 uiatrando
626 1717 765 1768 cernere,
796 1716 887 1770 quam
913 1695 965 1771 qui
992 1697 1152 1771 cogitando
1178 1706 1296 1754 tantum
1322 1707 1353 1754 et
1377 1699 1505 1773 legendo
1531 1719 1581 1757 co-

442 1814 620 1883 gnoverant.
663 1805 704 1860 Et
724 1822 797 1859 vero
818 1803 890 1859 boni
911 1810 1121 1878 praeceptores
1142 1802 1200 1878 ipsi
1222 1804 1333 1861 sensim
1355 1813 1481 1876 mutant,
1499 1807 1581 1879 quod

443 1930 496 1970 suo
524 1912 649 1985 quisque
676 1908 741 1965 loco
766 1906 893 1982 tempori
920 1917 952 1964 et
976 1907 1104 1965 alumnis
1126 1908 1225 1964 minus
1246 1917 1349 1983 aptum
1370 1918 1400 1966 et
1422 1920 1582 1968 cousenta-

443 2036 533 2075 neum
553 2016 725 2073 arbitratur.
768 2013 836 2070 Non
859 2021 961 2069 amant
977 2011 1188 2089 philosophos,
1210 2012 1261 2086 qui
1276 2014 1394 2089 copiose
1411 2016 1448 2072 de
1464 2015 1581 2091 optima

411 2159 414 2163 -
443 2120 620 2179 instituendi
652 2119 702 2175 via
733 2119 902 2193 disputant,
932 2119 1029 2193 ipsam
1061 2116 1141 2174 viam
1173 2137 1233 2175 uon
1265 2119 1432 2189 triverunt,
1466 2120 1582 2177 similes

443 2226 619 2284 Phormioni
639 2223 860 2300 Peripatetico,
883 2222 950 2296 qui,
973 2223 1110 2296 quamvis
1133 2241 1284 2296 nunquam
1306 2234 1404 2281 castra
1420 2225 1581 2300 adspexis-

444 2341 502 2403 set,
529 2349 584 2388 nec
604 2331 710 2388 lituum
732 2330 913 2400 audivisset,
941 2328 1108 2387 Hannibali
1134 2339 1299 2405 praecepta
1327 2331 1364 2386 de
1395 2348 1426 2385 re
1454 2330 1581 2388 militari

443 2439 514 2494 dare
544 2434 695 2493 sustinuit.
737 2440 839 2508 Atque
866 2436 897 2490 in
925 2454 961 2491 ea
987 2434 1128 2510 opinione
1155 2453 1215 2491 non
1238 2435 1496 2492 dissentiebanrus.
1540 2439 1580 2495 In

443 2544 539 2600 altera
559 2542 756 2615 quuantum.
799 2538 963 2615 Gymnasio
983 2538 1151 2596 adiunctum
1172 2547 1234 2595 erat
1256 2538 1440 2610 Institutum,
1461 2540 1491 2596 in
1508 2559 1580 2614 quo.

416 2635 557 2723 ‘praeter
582 2646 745 2717 Mathesin,
772 2645 951 2715 Historiam,
981 2642 1215 2720 Geographiam,
1243 2622 1315 2714 alia,
1344 2644 1463 2718 linguae
1486 2647 1581 2703 Fran-

443 2771 555 2822 corum,
582 2752 791 2808 Britannorum
820 2758 849 2806 et
886 2749 1102 2808 Germanorum
1132 2749 1319 2805 docebantur.
1361 2750 1455 2807 Neruo
1480 2759 1581 2808 autem

444 2859 482 2914 ad
508 2855 703 2932 Gymnasium
724 2854 945 2925 admittebatur,
972 2853 1028 2911 nisi
1056 2864 1087 2911 et
1114 2852 1255 2911 lectiones
1281 2853 1312 2910 in
1334 2853 1475 2912 Instituto
1494 2856 1581 2912 audi-

443 2975 498 3018 ret.
541 2962 619 3035 Ego,
646 2962 724 3034 quod
750 2960 869 3016 vinculo
894 2960 1018 3017 arctiore
1044 2979 1109 3016 cum
1135 2959 1229 3016 literis
1254 2959 1384 3034 antiquis
1410 2970 1485 3017 esset
1511 2980 1581 3019 con-

443 3066 587 3135 iunctum,
618 3065 687 3121 inde
712 3065 749 3121 ad
778 3063 974 3139 Gymnasium
1000 3063 1166 3134 transferri,
1199 3072 1228 3121 et
1252 3065 1377 3122 liberum
1404 3066 1580 3141 parentibus

443 3169 596 3228 arbitrium
611 3169 739 3242 relinqui
754 3170 896 3239 volebam,
910 3168 1025 3226 filiosne
1040 3170 1078 3226 ad
1092 3171 1214 3226 alteram
1229 3188 1266 3226 an
1281 3178 1434 3245 utramque
1449 3172 1579 3229 scholam

444 3275 557 3332 mittere
578 3272 669 3330 satius
688 3281 839 3347 putarent:
862 3284 932 3346 quot
958 3273 1171 3345 adolescentes,
1198 3284 1240 3331 tot
1257 3277 1345 3351 vulgo
1362 3295 1426 3333 esse
1443 3277 1580 3335 diversas

445 3389 579 3448 naturas,
610 3378 727 3436 diversa
748 3378 880 3454 ingenia,
908 3397 1002 3451 neque
1029 3397 1127 3436 omues
1149 3380 1242 3437 eidem
1264 3379 1342 3438 vitae
1364 3380 1509 3438 curriculo
1530 3384 1579 3440 de-

445 3485 562 3554 stinari,
585 3504 705 3558 eamque
726 3484 894 3541 varietatem
910 3502 968 3540 non
985 3483 1048 3540 siue
1062 3483 1193 3558 periculo
1209 3492 1238 3540 et
1252 3485 1427 3542 detrimento
1443 3484 1472 3542 in
1489 3505 1578 3544 unam

444 3609 572 3648 normam
593 3590 674 3664 cogi,
697 3591 841 3646 curandas
862 3598 959 3645 autem
981 3608 1041 3646 non
1061 3590 1149 3646 modo
1164 3589 1279 3645 veloces
1294 3599 1324 3646 et
1337 3590 1458 3662 alacres,
1475 3610 1578 3647 verum

445 3695 532 3752 etiam
560 3693 657 3749 tardas
683 3701 713 3748 et
738 3692 861 3766 ignavas
887 3703 1015 3764 mentes,
1047 3703 1089 3751 tot
1118 3703 1265 3751 tantarum
1301 3714 1399 3752 rerum
1427 3704 1579 3771 praeterea

444 3819 500 3856 non
523 3816 653 3874 capaces.
697 3797 889 3855 curatoribus
910 3799 999 3856 aliter
1021 3801 1125 3858 visum.
1169 3803 1269 3873 Atque
1295 3802 1396 3857 eadem
1418 3801 1480 3858 fere
1501 3803 1579 3859 ratio

443 3906 473 3962 in
502 3905 650 3980 plerisque
676 3905 816 3979 deinceps
843 3905 1015 3980 Gymnasiis
1043 3907 1097 3965 fuit
1124 3908 1273 3978 instituta,
1301 3927 1338 3964 an
1366 3917 1395 3964 et
1422 3909 1578 3978 duratura,

443 4021 557 4086 tempus
580 4011 705 4067 docebit.

483 4117 634 4188 Quantum
655 4116 681 4172 ei
703 4136 721 4172 a
742 4117 866 4191 negotiis
888 4117 929 4174 sic
951 4120 1091 4176 obeundis
1113 4127 1281 4193 supererat,
1304 4137 1359 4175 nec
1373 4118 1579 4176 consuetudini

444 4221 620 4279 domesticae
645 4232 696 4280 aut
720 4223 878 4280 amicorum
904 4224 1115 4281 conventiculis
1140 4226 1245 4281 cedere
1272 4225 1436 4298 oportebat,
1462 4230 1579 4280 tantum

443 4328 587 4384 versando
617 4327 742 4401 optimos
771 4329 890 4402 quosvis
916 4329 1087 4402 scripturae,
1119 4327 1250 4385 Graecos
1276 4327 1450 4403 praesertim
1472 4337 1501 4383 et
1522 4329 1580 4385 Ro-

443 4451 558 4502 manos,
587 4435 683 4490 dabat.
726 4436 855 4496 Multos.
883 4437 1060 4504 Homerum,
1088 4437 1274 4509 Sophoclem,
1302 4435 1491 4509 Euripidem,
1520 4436 1580 4492 Lu-

443 4538 576 4606 cretium,
601 4537 785 4607 Ciceronem,
809 4540 980 4613 Virgilium,
1004 4540 1172 4609 Horatium,
1196 4542 1339 4611 Tacitum,
1362 4560 1422 4597 una
1444 4539 1580 4613 legimus.

443 4641 581 4699 Habebat
606 4643 808 4700 bibliothecam
831 4645 1008 4718 amplissime
1031 4644 1214 4715 instructam,
1237 4645 1325 4701 libros
1347 4644 1440 4701 omnis
1463 4644 1529 4700 aevi
1551 4657 1579 4703 et
