3750 5759
429 683 492 747 186
846 685 892 749 ΙΙ.
936 703 1063 750 suumn
1085 706 1108 750 1.
1134 706 1171 751 11.

427 899 450 947 p.
458 883 515 933 289.
533 897 592 930 usus
609 881 762 944 argumentis
776 880 826 929 fere
842 879 936 928 iisdem.
954 878 1009 928 Hoc
1024 877 1098 937 mihi,
1120 876 1203 940 ampla
1223 875 1376 925 Bibliotheca
1392 875 1433 924 hic
1449 877 1559 936 carenti,

427 965 477 1012 ism
495 975 568 1025 sseps
584 959 678 1009 cecidit.

475 1043 506 1091 P.
521 1043 563 1091 80.
597 1041 713 1104 Definqit
729 1041 814 1088 Rheni
829 1041 925 1088 luteum
941 1043 1027 1100 caput.
1060 1039 1163 1100 ineptus
1179 1036 1252 1099 poits
1273 1035 1311 1084 uti
1326 1034 1406 1098 potuit
1423 1034 1502 1084 aerbo
1518 1036 1558 1083 de

420 1125 549 1188 frinqerc,
565 1129 590 1171 et
606 1120 724 1170 Horatius
740 1118 866 1182 scripsisse
881 1118 1005 1181 descinqit
1022 1119 1107 1167 Rheni
1123 1116 1164 1165 vel
1180 1118 1269 1166 Rderm
1285 1118 1381 1164 luteam
1397 1119 1483 1176 caput.
1512 1113 1558 1162 Di-

426 1217 506 1266 gnum
522 1201 710 1264 reprehensione
725 1207 751 1248 ct
765 1200 819 1248 risu
834 1201 930 1247 luteum
946 1204 1024 1261 caput
1038 1212 1085 1262 pro
1095 1197 1196 1260 flauum
1212 1200 1302 1258 caput,
1325 1201 1349 1244 et
1365 1199 1443 1256 caput
1458 1192 1558 1255 defrin-

426 1287 464 1347 qit
479 1298 525 1348 pro
541 1297 635 1333 cornua
650 1281 729 1344 capiti
745 1281 879 1342 defrinqit,
895 1279 936 1328 vel
952 1277 1035 1342 potius
1055 1293 1149 1327 cornua
1166 1279 1251 1326 Rheni
1259 1275 1372 1338 sranqit.
1403 1275 1502 1323 Notum
1520 1279 1558 1321 est

427 1364 531 1413 flumine
546 1361 658 1426 gentium
674 1361 795 1408 victarum
811 1361 850 1408 ire
869 1361 985 1408 cunibus
994 1358 1102 1422 fractis.
1135 1356 1208 1407 ovid.
1230 1356 1307 1405 Triet.
1321 1355 1370 1405 IV.
1387 1369 1415 1402 11.
1427 1354 1466 1401 41,
1495 1352 1557 1400 Cor-

427 1447 501 1494 nilrus
517 1445 557 1493 hic
566 1442 668 1505 fruetis
682 1443 761 1490 viridi
777 1443 842 1490 male
858 1445 939 1490 tectus
956 1442 987 1489 alr
1004 1442 1063 1488 ulca
1090 1440 1197 1488 Decolor
1212 1439 1267 1500 ipse
1282 1452 1328 1485 cua
1348 1437 1470 1498 sanquine
1489 1434 1557 1480 Rhe·

426 1538 476 1574 mcs
490 1527 548 1574 crit.
581 1522 712 1574 Claudiam
729 1524 760 1571 de
775 1523 857 1572 Lsud.
879 1520 976 1572 Stilich.
994 1522 1016 1572 1.
1037 1523 1094 1571 220.
1128 1522 1293 1582 Rhenumque
1308 1521 1431 1569 minacem
1466 1515 1558 1564 Corni-

427 1608 473 1655 bus
488 1605 608 1668 infractis
627 1591 688 1654 arico
709 1605 835 1652 mitescere
850 1604 922 1665 capis.
955 1603 986 1652 B.
1003 1601 1090 1652 Getico
1110 1601 1166 1650 602.
1184 1606 1260 1650 tanta
1274 1614 1320 1650 uec
1336 1601 1406 1648 clade
1421 1598 1558 1658 superbum

430 1685 596 1736 contudimus
615 1686 729 1743 Tanain,
744 1686 783 1733 acl
799 1699 894 1733 cornua
903 1683 1032 1746 srcqimus
1049 1685 1124 1732 Istri.
1157 1682 1201 1732 Ab
1218 1682 1265 1729 hee
1280 1680 1390 1742 imagine
1405 1678 1504 1725 diverse
1521 1681 1560 1724 est

428 1779 484 1814 eum
501 1765 604 1814 flumina
613 1766 703 1828 sructo
719 1767 831 1828 qurqitc,
847 1768 920 1828 aquis
929 1766 1028 1828 fractis
1045 1764 1222 1823 indicuntur,
1240 1764 1305 1827 quod
1320 1761 1440 1810 Horatius
1457 1760 1483 1806 in
1496 1756 1557 1806 Cer-

427 1845 535 1894 minibus
551 1846 684 1910 expressit,
701 1845 793 1895 flumen
809 1847 916 1894 minores
932 1847 1028 1894 mlacrc
1039 1847 1153 1894 vortices.
1181 1844 1251 1894 Haec
1265 1843 1328 1891 bene
1339 1840 1453 1889 distinxit
1468 1840 1558 1886 Burin.

374 1968 378 1973 .
429 1926 460 1973 ed
477 1925 579 1975 Petron.
597 1938 650 1988 esp.
667 1924 727 1984 123,
743 1924 885 1988 permiscuit
900 1923 990 1974 Burm.
1008 1924 1135 1974 Secundus
1152 1924 1183 1971 ed
1200 1922 1342 1973 Imtiohium
1359 1936 1384 1984 p.
1400 1921 1442 1973 78.

853 2103 910 2145 11.
945 2092 1081 2144 SATIRA
1102 2094 1123 2142 Ι.

477 2238 507 2286 P.
524 2238 564 2287 89.
603 2240 640 2286 Ut
649 2237 743 2300 fracta
763 2240 934 2288 mitterentur.
968 2238 1070 2286 Estreas
1091 2237 1153 2300 legit
1162 2236 1284 2300 fraqilta.
1312 2236 1471 2284 Duentueras
1492 2233 1560 2282 eiicit

422 2319 523 2382 fracta.
555 2318 628 2366 Esset
652 2324 736 2366 sutem
751 2318 844 2382 fracta
864 2320 936 2367 mitti
956 2325 984 2366 ut
1005 2317 1072 2367 Livii
1094 2317 1171 2368 XXI.
1187 2317 1211 2366 8.
1229 2317 1259 2365 de
1276 2316 1337 2365 telo:
1355 2331 1432 2378 quum
1448 2315 1561 2363 medium

428 2400 554 2446 incernam
571 2399 721 2446 mitteretur¹
738 2396 809 2447 Idem
826 2397 929 2446 XXIV.
945 2397 986 2446 34.
1007 2399 1099 2446 Velites
1116 2399 1206 2454 etium,
1223 2411 1329 2458 quorum
1354 2397 1432 2444 telum
1447 2395 1562 2442 inhabile

429 2478 465 2525 ad
487 2478 665 2526 remittendum
681 2476 807 2539 imperitis
827 2483 870 2526 est.
903 2478 967 2526 Erat
983 2491 1071 2540 nempe
1092 2477 1213 2541 spiculum
1235 2478 1297 2525 edeo
1312 2483 1386 2524 tenue
1402 2481 1427 2524 et
1443 2479 1561 2531 acutum,

431 2557 493 2606 ὥστε
504 2555 558 2606 κατ’
567 2556 682 2622 ἀνάγκην
697 2556 787 2616 εὐθέως
803 2557 856 2607 ἀπὸ
873 2562 919 2618 τῆς
936 2559 1040 2622 πρώτης
1056 2559 1170 2623 ἐμβολῆς
1184 2547 1345 2622 κάμπτεσθαι
1368 2557 1410 2605 nal
1427 2555 1461 2620 μὴ
1478 2553 1561 2604 δύνα-

430 2636 490 2685 atat
506 2636 565 2692 τοὺς
581 2636 720 2700 πολεμίους
739 2636 922 2700 ἁντιβάλλειν,
938 2644 967 2686 ut
988 2637 1072 2686 scribit
1093 2637 1220 2701 Polybius.
1254 2635 1403 2687 Huiusmodi
1428 2635 1479 2683 tels
1501 2642 1562 2681 sunt

424 2715 538 2778 sraqilia
553 2730 603 2764 non
612 2715 713 2776 fracta.

479 2794 509 2843 P.
526 2795 565 2844 95.
600 2796 651 2845 Seu
659 2794 721 2856 sors
734 2798 775 2844 ita
792 2797 909 2854 iusserit,
926 2797 1005 2845 curui.
1039 2795 1094 2845 Alii
1110 2796 1220 2845 edidere:
1243 2797 1340 2846 luserit.
1364 2794 1441 2853 Fors,
1466 2793 1502 2842 sic
1518 2807 1562 2856 pe

430 2874 490 2934 site,
506 2874 588 2922 minus
603 2876 678 2924 ludit.
710 2875 786 2925 Recte
802 2875 829 2923 in
845 2875 971 2924 communi
986 2875 1117 2934 sententie,
1142 2882 1170 2923 ut
1192 2877 1272 2924 Ludit
1289 2878 1318 2924 in
1339 2876 1456 2923 humanis
1472 2875 1563 2922 dimna

429 2956 544 3017 patentia
559 2957 645 3010 esbus,
664 2958 779 3004 Fortuna
796 2957 870 3014 ludit,
887 2955 990 3004 similis:
1015 2969 1065 3003 non
1085 2963 1149 3004 recte
1170 2955 1260 3019 aliquis
1276 2957 1307 3003 de
1324 2969 1349 3004 se
1366 2954 1436 3012 dicit,
1458 2954 1508 3002 nisi
1529 2968 1562 3002 ex

432 3033 538 3096 pessima
554 3034 581 3082 in
596 3034 715 3097 optimum
726 3033 890 3083 conditionem
905 3033 1032 3083 translato.
1055 3034 1169 3083 Iuveusl.
1186 3035 1259 3084 Satin.
1277 3035 1327 3083 III.
1345 3034 1384 3082 59.
1418 3035 1515 3091 Quales
1531 3045 1563 3081 cce

393 3109 399 3131 ¹
434 3114 524 3161 humili
547 3130 639 3176 maqna
659 3116 694 3162 ad
707 3113 819 3177 furtiqia
840 3128 927 3163 mum
970 3116 1094 3173 Entellit,
1114 3116 1209 3177 quotics
1230 3117 1310 3164 uoluit
1332 3118 1448 3163 Fortuna
1473 3113 1562 3162 iocari.
1659 3130 1665 3135 ·

434 3191 566 3242 claudian.
583 3192 610 3240 in
625 3194 729 3257 Eutrop.
746 3194 768 3243 Ι.
787 3195 828 3242 24.
863 3195 921 3242 Hac
937 3195 1008 3256 requi
1028 3195 1144 3243 Fortuna
1161 3197 1243 3244 tenes?
1259 3210 1384 3258 quaenam
1394 3195 1446 3241 uta
1462 3192 1564 3241 mandi

436 3273 569 3323 Saevitia?
590 3275 680 3324 fecerat
695 3276 846 3324 Eunuchum
864 3275 1004 3326 Consulem.
1021 3275 1055 3325 In
1067 3275 1158 3325 talibus
1174 3276 1238 3324 ludis
1253 3283 1290 3325 est
1305 3275 1448 3332 ridiculum,
1458 3289 1509 3322 non
1525 3280 1564 3322 est

435 3354 578 3415 ridiculum,
593 3356 683 3419 siquis
696 3357 838 3418 experiatur
854 3357 994 3406 adversam.
1014 3355 1149 3407 Communi
1164 3357 1312 3416 sententiae,
1329 3363 1357 3405 ut
1373 3355 1563 3413 dicebam,eon·

435 3434 505 3484 venit
520 3438 615 3495 induc,
631 3440 699 3487 uelle.
720 3437 834 3487 Iuvensl.
862 3437 936 3488 Sstir.
953 3438 1017 3488 VII.
1036 3440 1090 3490 197.
1117 3439 1148 3487 Si
1165 3440 1281 3487 Fortuna
1297 3438 1377 3494 aaut,
1391 3437 1442 3499 fies
1462 3438 1492 3485 de
1508 3437 1563 3484 rlcc-

436 3521 489 3565 tore
507 3516 609 3566 Consul.
643 3518 673 3565 Si
685 3520 749 3567 uolet
768 3519 828 3566 iaec
844 3520 936 3574 cadem,
948 3519 998 3581 fies
1014 3521 1044 3567 dc
1063 3517 1170 3567 Oorrsalc
1186 3520 1278 3567 rhetor.

484 3593 516 3642 P.
533 3595 572 3643 96,
607 3597 731 3644 Meritum
749 3595 905 3658 Cartdaqine
920 3611 1015 3645 nornen.
1047 3596 1106 3645 Non
1122 3602 1215 3645 mutem
1232 3597 1258 3644 in
1275 3599 1386 3645 meritus.
1419 3596 1492 3657 Quod
1508 3593 1564 3658 quis

436 3675 538 3723 meritus
555 3684 604 3733 est,
628 3675 660 3723 ab
683 3689 713 3724 eo
733 3677 851 3724 meritum
867 3675 963 3725 dicitur.
996 3677 1108 3726 Emendo
1133 3677 1174 3725 hic
1194 3676 1297 3725 Livium
1317 3674 1419 3724 XXIV.
1439 3674 1476 3722 18.
1511 3677 1564 3723 No·

436 3756 506 3803 ruina
522 3757 631 3804 omnium
646 3771 678 3804 cu
694 3757 822 3804 iuniorum
836 3757 930 3804 tabulis
947 3761 1136 3819 excerpserunt,
1153 3757 1197 3819 qai
1213 3756 1377 3819 quadriennio
1392 3770 1443 3804 uon
1459 3755 1565 3802 militas·

436 3840 505 3891 sent,
521 3836 611 3896 quibus
626 3851 704 3898 neque
719 3836 817 3883 uacuis
832 3836 901 3884 iusta
916 3836 1024 3885 militiae
1039 3852 1117 3899 neque
1132 3838 1232 3884 marmus
1242 3850 1333 3885 caussa
1342 3835 1446 3898 suisset.
1480 3837 1520 3882 Et
1536 3849 1566 3883 ea

436 3928 517 3976 supra
538 3915 588 3962 duo
611 3915 693 3962 millia
717 3915 845 3962 nominum
865 3916 892 3962 iu
913 3917 1026 3965 aerarios
1046 3919 1129 3965 relata
1153 3917 1268 3979 tribuque
1283 3930 1367 3965 omnes
1382 3916 1451 3964 mati.
1485 3916 1565 3963 Addi-

438 3999 540 4055 tumque
562 3995 641 4041 inerti
664 3995 790 4043 censoriae
814 4000 887 4044 notae
911 3997 985 4045 triste
1007 3998 1287 4054 senatusconsultum,
1308 3982 1338 4044 ut
1354 3997 1376 4043 ii
1391 4011 1488 4052 omnes,
1505 4010 1566 4058 quos

437 4087 546 4122 emeres
561 4078 700 4131 notassent,
714 4075 818 4136 pedibus
834 4081 964 4133 mererent,
980 4077 1190 4138 mitterenturque
1205 4079 1233 4123 irc
1251 4077 1367 4125 Siciliam
1378 4076 1412 4124 ad
1424 4064 1567 4125 Ganueniis

438 4150 563 4202 exereitus
578 4153 706 4214 reliquias.
739 4153 791 4201 Pro
814 4155 892 4203 inerti
916 4155 943 4202 in
959 4155 1082 4218 plerisque
1098 4155 1175 4215 MSS.
1196 4162 1233 4203 est
1249 4157 1339 4213 merci,
1365 4156 1465 4212 morici,
1491 4155 1566 4211 meri,

439 4232 569 4290 tamerici,
594 4232 679 4279 narrt.
706 4232 835 4282 Facillime
859 4242 919 4299 puto
944 4241 1094 4284 correctura:
1126 4237 1289 4298 additumque
1313 4237 1418 4284 meritae
1441 4236 1567 4284 ceresariac

438 4316 520 4360 natac.
553 4311 606 4362 Alii
621 4312 754 4361 coniiciunt
770 4319 954 4377 innumerae,
970 4318 1092 4376 inertiae,
1109 4323 1162 4366 tam
1183 4317 1301 4375 tetricae,
1319 4321 1380 4381 ‘tam
1397 4316 1492 4373 atroci,
1514 4320 1567 4364 tam

439 4394 513 4442 traci.

861 4538 916 4580 Π.
952 4527 1087 4578 SATIRA
1108 4529 1145 4577 ΙΙ.

489 4700 519 4748 P.
537 4701 576 4748 99.
611 4704 749 4754 Arutcrmn
766 4708 850 4755 studio
861 4707 972 4769 fallente
989 4709 1104 4757 laborem.
1133 4708 1216 4757 Labor
1232 4708 1281 4772 pila
1293 4709 1430 4759 ludentium
1442 4723 1492 4758 non
1504 4717 1569 4759 recte
