3750 5759
415 694 479 757 148
806 689 1159 757 SATIRARUM

461 880 671 965 Importunus
692 882 782 943 amat
803 876 950 943 laudari:
980 878 1100 961 donee,
1124 877 1208 961 „ohe
1232 877 1298 942 iam
1311 876 1343 940 i“

458 983 513 1050 Ad
535 983 662 1048 coelum
688 981 840 1047 manibus
858 981 997 1047 sublatis
1021 981 1155 1064 dixerit,
1178 985 1312 1067 urgeat

459 1088 666 1154 Crescentem
686 1086 822 1151 tumidis
842 1085 922 1151 infla
945 1086 1148 1152 sermonibus
1168 1093 1283 1151 utrem.

459 1190 567 1271 Quum
590 1196 623 1256 te
642 1190 774 1257 servitio
794 1190 894 1274 longo
916 1211 1056 1274 curaque
1080 1189 1213 1273 levarit,

460 1294 505 1359 Et
526 1301 650 1360 certum
671 1293 831 1379 vigilans,
862 1293 1027 1376 „Quartae
1050 1299 1120 1359 esto
1143 1293 1246 1379 partis
1270 1292 1386 1360 Ulixes
1397 1292 1430 1374 ,“

458 1399 629 1482 Audieris,
649 1399 762 1482 „heres
775 1401 807 1463 :“
855 1398 967 1483 „Ergo
991 1420 1077 1463 nunc
1097 1399 1203 1464 Dama
1222 1396 1343 1463 sodalis

458 1502 652 1588 „Nusquam
674 1505 743 1568 est?
788 1503 884 1569 Unde
904 1502 988 1567 mihi
1003 1507 1071 1567 tam
1087 1502 1206 1567 fortem
1226 1507 1358 1586 tamque
1372 1496 1547 1563 fidelem?“

459 1606 581 1693 Sparge
604 1607 759 1690 subinde,
784 1613 831 1690 et,
853 1607 883 1672 si
904 1606 1054 1691 paullum
1076 1612 1188 1691 potes,
1210 1605 1424 1680 illacrimare3
1446 1604 1501 1666 est

411 1775 519 1838 positum
535 1782 583 1834 est,
606 1775 650 1824 vix
670 1775 739 1823 aliud
754 1775 893 1840 significare
909 1790 952 1838 po·
995 1775 1078 1838 Magis
1095 1774 1155 1824 mihi
1171 1773 1262 1838 placet,
1279 1778 1314 1820 ut·
1324 1770 1402 1833 vulgo
1412 1767 1548 1832 accipitur:

408 1862 471 1914 test,
488 1870 562 1918 quarn
578 1870 666 1905 aurem
681 1858 823 1918 substrinqc
836 1857 953 1918 loquacis,
995 1858 1072 1905 donee
1088 1854 1192 1912 dixerit,
1210 1854 1268 1910 ohe,
1285 1852 1347 1900 iaml
1371 1863 1461 1912 nempe
1478 1851 1548 1897 satia

411 1941 439 1982 ut
463 1935 490 1982 in
511 1934 618 1983 centenis
639 1934 778 1983 istiusmodi
804 1934 894 1982 dativis
916 1935 953 1982 in·
994 1943 1039 1986 eat.
1065 1935 1186 1984 Horatius
1199 1933 1272 1984 Satir.
1290 1933 1350 1981 Lu.
1365 1931 1402 1981 12.
1415 1932 1474 1988 obe,
1492 1931 1547 1978 iam

409 2014 543 2072 commodi,
567 2019 658 2076 guttur
681 2013 721 2062 teti
736 2013 827 2076 fregit.
860 2013 952 2076 virgil.
992 2017 1057 2064 sotis
1074 2020 1118 2064 est.
1152 2012 1261 2062 Martiai.
1278 2011 1342 2061 VH.
1361 2011 1400 2058 50.
1434 2011 1490 2057 Ille
1512 2011 1546 2057 Ie·

409 2093 476 2142 Aen.
494 2093 528 2143 X.
545 2095 601 2142 323.
618 2095 729 2143 iaculum
745 2095 867 2143 clonranti
882 2096 953 2143 sistit
991 2101 1045 2155 yet,
1062 2097 1115 2144 bibe
1132 2100 1174 2142 tu:
1196 2095 1261 2142 notia
1277 2093 1348 2148 ticet,
1370 2083 1414 2138 ille
1434 2090 1547 2140 amabit.

408 2172 437 2220 ia
453 2187 501 2220 ore.
993 2177 1032 2223 Et
1048 2191 1116 2232 cani,
1143 2175 1195 2222 iam
1211 2175 1277 2221 satir
1293 2177 1343 2235 est,
1367 2171 1476 2226 αἱαονὶε,
1501 2166 1563 2217 illa

440 2251 558 2300 Horatius
575 2253 708 2316 imaginem
723 2252 788 2302 senia
804 2251 911 2303 difficilis
923 2269 952 2302 ac
991 2253 1060 2316 tepet.

408 2333 498 2380 morosi
522 2333 649 2396 proponit,
670 2334 712 2397 qui
734 2334 863 2396 garrulum
887 2334 952 2384 ferre
1024 2335 1064 2382 Et
1079 2340 1175 2383 rotam
1191 2334 1307 2396 aequans.
1340 2329 1544 2380 commentator:

407 2425 459 2460 non
475 2419 563 2475 potest.
595 2412 684 2475 Imago
704 2413 768 2461 senis
789 2413 884 2474 garruli
902 2413 952 2462 huc
992 2414 1126 2470 „Iucunda
1150 2413 1236 2465 Solent
1253 2413 1319 2461 enim
1335 2409 1458 2466 homines,
1477 2421 1545 2472 quae

407 2505 458 2539 non
468 2490 534 2543 facit.
559 2492 660 2542 Garruli
670 2492 818 2556 plerumque
828 2508 878 2541 non
890 2493 951 2543 mali
991 2495 1149 2544 vehementer
1166 2499 1251 2557 optant
1262 2490 1462 2554 vigilantes,per
1475 2503 1544 2538 som·

406 2571 841 2635 sunt‚sedanimilenioris,adquos
850 2580 949 2635 captan·
991 2572 1061 2622 nium
1077 2574 1185 2622 uidere.“
1210 2574 1294 2636 Legat
1309 2586 1357 2632 per
1372 2585 1495 2626 somnum,
1512 2575 1544 2616 ut

405 2652 449 2700 dos
465 2666 515 2699 non
525 2658 596 2701 tanta
606 2651 724 2714 patientia
734 2667 796 2715 opus
807 2660 856 2710 est,
872 2668 949 2716 quan·
989 2652 1017 2700 in
1032 2653 1145 2702 Disticha
1163 2652 1266 2702 Catonis
1283 2651 1371 2700 11.31.
1405 2649 1541 2697 Moriatu-

405 2737 457 2779 tarn
469 2731 577 2780 tiresias
587 2731 674 2794 Ulyssi
685 2733 847 2781 commendat.
866 2733 948 2781 Locus
990 2748 1078 2792 mona,
1094 2735 1160 2796 qaod
1175 2737 1259 2794 optat,
1277 2731 1347 2779 Dum
1363 2731 1472 2792 ωἰμὶοαο
1484 2743 1541 2792 spe·

405 2811 508 2860 fomassc
533 2812 568 2859 ita
593 2810 712 2874 explicari
733 2818 840 2875 poterat:
867 2812 889 2860 si
909 2827 949 2861 res
989 2819 1045 2872 rat,
1067 2829 1114 2876 per
1130 2828 1243 2862 somnum
1260 2812 1340 2861 cernit
1356 2811 1384 2858 id
1398 2810 1493 2870 ipsum.
1510 2822 1541 2858 v.

404 2892 449 2940 tibi
470 2899 508 2941 est
524 2907 582 2941 curn
603 2906 662 2940 sene
680 2890 775 2940 difficili
791 2905 820 2938 ac
836 2905 947 2949 moroso,
989 2894 1111 2943 Arntzen.
1133 2891 1253 2955 Rescript.
1274 2889 1452 2950 Boxhorniop
1479 2890 1540 2940 421.

403 2987 463 3021 cave
490 2987 521 3020 ne
548 2972 623 3020 talem
650 2970 795 3032 garrulitate
822 2969 947 3017 offendas:
989 2971 1123 3023 Caeterum
1145 2986 1258 3035 comparo
1280 2970 1384 3020 Lucian.
1402 2969 1477 3018 Asin.
1498 2971 1539 3020 13.

402 3056 500 3099 mutum
519 3065 578 3113 age,
595 3050 703 3098 Damam
713 3049 801 3097 tacitus
814 3047 948 3110 admirare3
988 3050 1035 3116 ἐγὼ
1053 3051 1077 3100 δὲ
1095 3051 1157 3114 ὄναρ
1175 3051 1252 3099 ἐκεῖνο
1271 3047 1384 3112 οἰόμενος
1394 3046 1468 3111 ὁρᾷν,
1481 3051 1539 3105 τοῖς

403 3143 516 3192 grassare
532 3129 654 3192 obsequio.
675 3127 827 3190 Obsequium
838 3129 948 3176 cernitur
988 3129 1120 3187 δακτύλοις
1137 3134 1190 3178 τῶν
1207 3129 1315 3193 ἐμαυτοῦ
1332 3124 1471 3192 βλεφάρων
1485 3126 1537 3186 ἡπ-

403 3223 428 3256 v.
443 3222 465 3257 c.
482 3208 508 3256 in
524 3223 565 3267 eo,
586 3215 614 3257 ut
630 3222 742 3266 moneas,
765 3221 796 3255 ne
813 3215 886 3270 caput
902 3209 945 3257 fri-
987 3208 1080 3273 τύμην,
1117 3210 1146 3258 ού
1183 3207 1308 3257 πιστεύων
1341 3209 1394 3263 τοῖς
1425 3206 1537 3269 ἐμαυτοῦ

402 3288 459 3351 gori
473 3293 592 3351 exponat,
608 3294 637 3336 ut
653 3302 710 3336 eum
726 3287 800 3336 turba
816 3289 945 3348 extrahas,
987 3287 1143 3352 ὀφθαλμοῖς,
1159 3287 1212 3337 οὐθ’
1230 3287 1268 3336 ὅτι
1293 3285 1449 3349 βλέπουσιν,
1478 3283 1536 3334 οὐθ’

401 3373 440 3426 et,
464 3368 486 3417 si
510 3369 638 3432 garrulus,
663 3381 692 3416 eo
712 3367 840 3431 loquente,
866 3376 945 3419 tacere
986 3365 1026 3415 ὅτι
1042 3367 1213 3432 ἐγρηγόρασιν.
1240 3367 1315 3424 ὡςδὲ
1332 3365 1405 3430 μόλις
1416 3365 1457 3414 rai
1469 3365 1535 3427 βρα-

401 3463 451 3498 non
472 3450 560 3512 possit,
585 3451 630 3498 isti
653 3451 757 3511 garrulo
781 3464 868 3498 aurem
889 3453 944 3498 aab·
986 3443 1046 3504 δέως
1062 3444 1195 3506 ἐπεισθην,
1212 3444 1251 3496 ὅτι
1262 3448 1296 3512 μὴ
1313 3441 1433 3494 καθεύδω.

400 3531 526 3592 stringas,
550 3529 627 3578 istum
651 3534 731 3576 tacere
756 3534 781 3576 et
805 3528 944 3578 auscultare
1019 3527 1056 3572 Et
1081 3527 1104 3574 si
1126 3528 1245 3588 paullum
1266 3530 1337 3588 poteo
1361 3522 1532 3584 illacrimare,

401 3606 492 3657 iubeas.
525 3608 581 3657 Hoc
609 3607 711 3655 faciebat
738 3607 852 3656 adulator
878 3611 943 3672 apud
984 3609 1021 3652 ert
1044 3605 1148 3653 Gaudia
1167 3607 1311 3668 prodentem
1328 3606 1427 3653 vultam
1444 3605 1533 3654 celare.

401 3687 604 3750 Theophrastum
620 3686 695 3736 Char.
712 3687 749 3736 II.
766 3687 808 3735 καὶ
823 3687 944 3753 λέγοντος
984 3682 1110 3732 Bentleius
1135 3691 1190 3748 post
1213 3685 1315 3746 longam
1340 3683 1532 3747 disputationem

400 3765 426 3816 δὲ
443 3767 523 3815 αὐτοῦ
540 3785 578 3828 τι,
600 3768 660 3824 τούς
677 3767 772 3823 ἄλλους
789 3768 890 3830 σιωπςῐν
907 3785 943 3816 rr·
984 3775 1012 3810 00
1031 3762 1111 3820 venit,
1128 3770 1156 3811 ut
1171 3763 1278 3826 legeret:
1304 3765 1343 3812 Er
1362 3765 1398 3814 tic
1413 3767 1532 3826 paullum

398 3846 496 3906 λεύσαι,
521 3846 563 3894 καὶ
588 3844 719 3894 ἐπαινέσαι
745 3843 769 3892 δὲ
792 3845 941 3904 ἀκούοντος.
981 3847 1051 3904 potes
1075 3845 1242 3901 illacrimare,
1266 3849 1291 3892 et
1335 3845 1439 3892 Gaudia
1466 3860 1530 3907 pra·

398 3924 503 3987 Proprie
523 3926 575 3987 ipse
596 3923 689 3986 loquax
710 3939 795 3972 aurern
816 3926 862 3974 sibi
883 3927 941 3974 sub·
982 3923 1069 3971 denter
1085 3925 1158 3971 valta
1175 3925 1262 3972 celare.
1296 3923 1414 3971 Barthius
1435 3938 1467 3972 ex
1489 3939 1531 3973 ve-

397 4004 520 4068 stringere
536 4004 646 4053 debebat.
674 4004 809 4067 Eleganter
819 4007 942 4054 substrta-
981 4001 1081 4050 terrimo
1098 4000 1189 4051 Codice
1205 4002 1315 4051 volebat:
1331 4009 1369 4062 et,
1380 4005 1403 4051 at
1413 4006 1530 4065 paullum

397 4086 436 4146 pit
451 4083 484 4142 is,
501 4083 544 4148 qui
561 4084 640 4132 facere
656 4083 730 4132 iubet.
978 4089 1063 4143 potes,
1088 4085 1244 4132 illacrimoso
1276 4088 1314 4132 eat
1334 4085 1439 4132 Gaudia
1464 4101 1528 4146 pru·

420 4163 584 4212 Doderlinus:
598 4165 941 4226 „substringeresensuprae-
980 4163 1082 4209 ἀοηίαοι
1098 4164 1171 4210 vultu
1188 4165 1274 4211 celare.
1308 4161 1404 4210 Multae
1420 4161 1528 4212 difficul-

397 4243 485 4305 gnanti
512 4243 700 4306 explicandum:
727 4243 841 4307 subigere
867 4244 941 4292 atrin—
980 4248 1043 4289 tates
1060 4248 1221 4304 superantur,
1239 4242 1272 4299 si,
1289 4244 1356 4306 quod
1373 4243 1480 4293 Horatio
1490 4246 1527 4294 di·

395 4323 484 4385 gendo.
517 4322 587 4386 che
607 4338 693 4373 aurem
709 4331 778 4372 tuam
794 4323 899 4372 uinculis
916 4333 939 4373 et
980 4336 1058 4383 gnum
1075 4328 1125 4380 est,
1149 4322 1275 4370 scribitur:
1301 4328 1340 4381 et,
1363 4324 1386 4370 ri
1408 4327 1527 4385 paullum

314 4403 317 4410 ’
395 4400 505 4460 funibus,
522 4411 551 4452 ut
566 4403 663 4467 loquaci
680 4403 939 4467 auscultet,quamvis
979 4401 1048 4448 haud
1074 4407 1143 4464 polee
1166 4404 1335 4459 discrimem,
1359 4408 1396 4450 etl
1422 4403 1527 4454 Gaudia

395 4481 477 4543 potius
494 4481 555 4530 alios
570 4482 697 4546 loquentes
714 4484 799 4532 audire
815 4483 914 4532 vellet.⁴‘
976 4481 1121 4541 prodentem
1137 4484 1236 4530 uultum
1252 4483 1341 4530 celare.
1377 4481 1405 4531 Si
1421 4496 1525 4546 nonpo-

430 4565 522 4622 Donec,
535 4565 595 4621 „obe
604 4565 689 4612 ium!“
700 4564 743 4612 Aa
755 4564 847 4611 coelam
858 4567 938 4613 nrani-
978 4566 1014 4608 tes
1031 4560 1171 4623 paullulum
1187 4561 1336 4611 illacrimare
1358 4563 1472 4624 (verbum
1494 4565 1524 4614 il·

394 4643 440 4689 ύιιο
455 4643 561 4691 molaria
577 4643 679 4690 dixerit.
711 4640 852 4692 Meinekius
863 4641 938 4691 male·
977 4636 1021 4688 lud
1037 4641 1089 4690 sine
1113 4656 1173 4690 casu
1188 4642 1247 4706 poni
1273 4643 1361 4692 docent
1377 4644 1525 4710 interpretes

395 4713 448 4767 bat:
472 4721 559 4776 αοιιοο,
583 4721 644 4770 ote!
660 4721 713 4770 iam
730 4722 773 4768 Ad
792 4722 886 4770 melam
901 4735 937 4785 sq.
977 4722 1009 4770 ad
1034 4708 1092 4772 Lis.
1117 4738 1184 4774 xxv.
1208 4725 1259 4784 24.)
1284 4732 1333 4784 cst,
1356 4725 1431 4784 licet,
1455 4735 1525 4790 potes
