3750 5759
815 687 999 753 LIBER
1045 690 1069 753 Ι.

418 877 484 944 Sed
509 882 618 942 tamen
642 882 752 943 amoto
776 899 969 963 quaeramus
993 877 1078 943 seria
1100 877 1187 941 ludo.

417 981 495 1063 Ille,
519 1003 653 1065 gravem
677 981 758 1046 duro
784 987 904 1046 terram
928 981 985 1067 qui
1007 981 1107 1047 vertit
1131 987 1251 1055 aratro;

418 1085 566 1149 Perfidus
591 1084 644 1150 hic
664 1106 783 1169 caupo,
809 1085 922 1168 miles,
947 1089 1149 1169 nautaeque,
1173 1106 1231 1169 per
1254 1105 1350 1149 omne

406 1288 513 1334 Terram
533 1287 578 1350 qai
594 1289 671 1336 vertit
695 1293 791 1336 matre.
826 1287 920 1336 Meine
963 1286 1137 1349 reprehendat,
1154 1287 1197 1350 qui
1213 1300 1258 1333 sua
1269 1293 1334 1334 sorte
1345 1298 1396 1332 non
1406 1287 1513 1334 contenti

368 1365 428 1413 tius
446 1367 589 1415 annotavit:
608 1368 656 1425 „ad
672 1368 771 1416 Horatii
789 1376 867 1416 artem
878 1368 922 1432 qui
963 1366 1063 1424 vivunt,
1080 1366 1123 1414 sed
1140 1365 1239 1414 diversa
1255 1371 1383 1428 sequentes
1400 1365 1514 1414 laudant.

367 1446 511 1505 attenderit,
528 1447 595 1494 haud
612 1446 717 1505 invitus,
734 1447 820 1504 credo,
837 1460 920 1495 conce·
962 1445 1032 1507 Ergo
1048 1445 1113 1492 idem
1130 1447 1268 1502 consultus,
1286 1444 1307 1490 si
1323 1442 1393 1491 Deus
1411 1443 1513 1493 faculta-

366 1525 410 1573 det
431 1525 588 1574 scribendum
609 1540 662 1574 esse
684 1528 748 1575 duro
764 1528 809 1590 qai
825 1531 920 1575 terrum
962 1531 1011 1573 tem
1030 1525 1097 1572 vitae
1119 1525 1251 1573 mutandae
1271 1523 1374 1583 tribuat,
1395 1523 1513 1573 sibinen

367 1605 447 1653 vertit
463 1612 559 1653 aratro.
593 1604 649 1652 Hac
670 1605 737 1653 enim
759 1617 919 1653 numerorum
961 1603 1040 1666 magis
1061 1610 1168 1662 constat,
1190 1618 1265 1667 quam
1285 1602 1370 1660 miles,
1392 1610 1512 1651 mercator

364 1683 561 1733 conformatione
570 1685 688 1733 Horatius
696 1698 753 1732 cum
763 1683 825 1732 alias
833 1698 919 1747 saepe,
961 1689 986 1730 et
1002 1682 1114 1731 rusticus.
1149 1681 1266 1740 Nolebat,
1284 1683 1349 1745 quod
1365 1682 1511 1745 priusopta·

367 1770 422 1810 tum
439 1763 465 1810 in
483 1777 509 1811 re
526 1764 605 1811 ardua
621 1770 645 1811 et
661 1762 757 1810 difficili
779 1770 920 1811 constanter
961 1768 1006 1810 rat.
1041 1761 1097 1810 Alii
1114 1775 1274 1824 personarum
1291 1761 1452 1809 mutationem
1469 1776 1512 1809 ex·

367 1842 472 1890 utitur.“
509 1841 602 1890 Libens
627 1842 754 1890 assentior.
793 1842 828 1890 Et
853 1842 920 1890 dictu
961 1842 1049 1905 emplis
1066 1841 1212 1899 defendunt,
1229 1847 1254 1889 et
1269 1847 1403 1903 provocant
1419 1842 1450 1888 ad
1465 1842 1512 1889 Er·

366 1920 512 1970 incredibile
528 1927 578 1979 est,
595 1936 670 1985 quam
687 1935 760 1984 saepe
770 1920 866 1968 librarii
878 1935 919 1968 vo
961 1930 1058 1971 nestum
1076 1924 1103 1971 in
1120 1923 1211 1986 Opusc.
1229 1921 1324 1970 Philol.
1341 1919 1404 1970 Crit.
1417 1937 1441 1984 p.
1455 1921 1510 1970 131.

364 1999 456 2048 cabula
473 2001 499 2048 in
517 2000 606 2050 Satiris
622 2001 688 2049 male
710 2001 920 2063 transposuerint,
961 2003 992 2050 de
1018 2009 1092 2065 grata
1117 2001 1273 2066 negligentia
1293 2001 1411 2049 orationis
1436 2001 1511 2050 disse-

366 2094 447 2138 uunc,
469 2089 499 2128 ut
517 2087 625 2128 metrum
645 2080 753 2128 lacerent
772 2079 919 2142 elegantius,

367 2174 434 2207 nunc
455 2168 484 2208 ut
508 2160 654 2208 sententiam
680 2158 823 2218 clariorem,
853 2174 919 2207 nunc

366 2239 424 2287 aliis
444 2240 475 2288 de
495 2240 597 2288 caussis.
631 2240 755 2288 Perverse
776 2239 817 2287 isti
837 2240 919 2288 studio

365 2319 456 2366 deiude
467 2321 569 2368 accessit
578 2334 696 2382 perversa
707 2318 870 2366 recentiorum
882 2318 919 2366 iu·

366 2405 502 2461 terpretum
526 2414 594 2458 cura,
616 2407 644 2447 ut
660 2414 684 2447 v.
701 2413 722 2448 c.
740 2397 918 2460 Cuniughami.

366 2477 435 2526 Vide
451 2478 493 2526 vel
510 2493 546 2526 vs.
555 2478 580 2527 t.
590 2481 668 2527 multo
676 2478 855 2540 iarrrsrnctus:
873 2478 919 2526 hoc

366 2556 411 2605 ille
428 2558 538 2620 corrupit
554 2559 581 2606 in
589 2557 846 2621 multofructusium.
864 2557 918 2605 Ad·

366 2635 498 2683 monitioni
509 2636 683 2684 Meinekianae
697 2636 837 2684 addendum
851 2644 917 2699 puto,

367 2715 501 2763 Horatium
518 2722 543 2763 et
558 2715 663 2778 optimos
675 2714 759 2777 poetas
773 2714 820 2762 ista
832 2730 917 2764 uume-

366 2807 451 2841 romm
481 2794 673 2843 conformatione
702 2800 840 2842 constanter
865 2810 918 2845 esse

367 2887 437 2930 usos,
453 2875 475 2922 si
497 2888 571 2923 sonus
596 2889 692 2938 quoque
716 2874 867 2932 admitteret,
890 2882 918 2922 ut·

365 2953 468 3002 admisit
478 2953 653 3004 Sat.I.1v.20.
671 2956 755 3017 Usque
766 2955 917 3013 laborantes,

367 3037 427 3082 alum
442 3033 548 3096 ferrum
564 3034 662 3082 molliat
677 3034 749 3094 tyna.
779 3032 814 3080 Et
830 3032 876 3081 hoc
886 3033 916 3080 li·

367 3111 841 3174 brariimutaruntseribentcszfemum
849 3114 917 3162 dam.

368 3194 440 3256 Quod
453 3192 533 3243 eidem
542 3190 718 3254 Cuuinghamo
726 3190 822 3254 placere
830 3192 917 3255 potuit.

961 2088 1062 2131 rentem.
1096 2083 1136 2132 Ne
1156 2083 1249 2140 dicam,
1271 2081 1410 2129 huiusmodi
1432 2081 1511 2144 negli-

961 2163 1069 2223 gentiam
1086 2176 1136 2210 non
1148 2176 1200 2210 esse
1212 2169 1320 2224 gratam,
1332 2161 1413 2225 qualis
1421 2159 1513 2223 formu

960 2242 1083 2302 neplecta,
1099 2255 1171 2304 quae,
1188 2241 1268 2289 iudice
1281 2239 1384 2298 Ouidio,
1393 2239 1459 2287 viros
1471 2240 1512 2287 de-

960 2325 1009 2377 cet,
1030 2320 1150 2368 Ernestus
1173 2320 1251 2368 utitur
1268 2320 1411 2369 auctoritate
1428 2318 1512 2368 Xeno·

960 2397 1058 2460 phontis
1079 2406 1104 2448 et
1121 2399 1229 2448 Maximi
1252 2398 1338 2461 Tyrii,
1361 2398 1404 2461 qui
1429 2398 1511 2460 legem

959 2490 1009 2524 non
1025 2478 1201 2536 observarunt,
1221 2478 1356 2526 seeundum
1377 2493 1452 2540 quam
1469 2493 1511 2526 an-

959 2557 1094 2605 tecedentia
1111 2557 1290 2605 sententiarum
1301 2563 1325 2604 et
1336 2557 1511 2619 consequentia

960 2634 1008 2682 sibi
1024 2643 1136 2684 accurate
1153 2636 1301 2698 respondere
1323 2636 1420 2683 debent.
1455 2635 1510 2684 Iam
1565 2692 1569 2699 ,

960 2713 1100 2778 Xenophon
1130 2717 1157 2763 iu
1181 2715 1384 2778 consequentibus
1415 2722 1511 2763 tantum

959 2795 1050 2844 omittit
1067 2796 1231 2844 citharistam:
1257 2810 1308 2844 non
1328 2801 1408 2842 mutat
1429 2809 1510 2857 perso·

958 2889 1025 2922 nam.
1059 2874 1131 2923 Max.
1144 2877 1239 2938 Tyrius
1255 2875 1347 2923 omittit
1364 2874 1510 2936 gubernato-

958 2968 1011 3004 rem
1028 2955 1112 3013 navis,
1133 2955 1217 3003 adiicit
1237 2954 1356 3002 rusticum
1373 2960 1397 3002 et
1410 2967 1510 3003 oecono-

958 3047 1035 3081 mum.
1058 3033 1107 3083 Sed
1116 3034 1228 3096 apodosis
1237 3033 1272 3082 ibi
1283 3033 1384 3082 fortasse
1392 3033 1465 3082 aliter
1473 3034 1510 3082 in·

958 3113 1027 3161 stitui
1035 3120 1121 3177 potest,
1135 3114 1176 3161 vel
1187 3114 1263 3176 accipi
1274 3112 1412 3162 coniectura
1423 3114 1510 3162 Mark-

958 3191 1035 3240 landi.
1071 3192 1204 3241 Praeterea
1221 3191 1317 3242 Graeca
1339 3192 1454 3255 exempla
1470 3193 1511 3242 hic

400 3273 524 3338 Perfidus
541 3273 581 3321 hie
597 3287 684 3333 caupo.
719 3270 782 3332 Quis
798 3270 868 3320 locus
885 3272 918 3320 sit
959 3273 1042 3320 minus
1067 3271 1160 3320 faciunt
1186 3273 1217 3320 ad
1238 3271 1411 3334 explicandam
1433 3272 1509 3321 talem

366 3356 486 3418 cauponi,
511 3367 561 3401 non
586 3351 709 3414 intelligo.
751 3352 916 3409 Mercatores,
958 3352 1147 3416 negligentiam.
1182 3351 1209 3402 Si
1232 3352 1353 3400 Emestus
1371 3367 1403 3400 ex
1420 3353 1511 3401 Latino

367 3435 473 3491 milites,
489 3432 576 3481 rustici
592 3438 650 3479 sunt
666 3431 783 3478 honestae
800 3430 916 3478 conditio
959 3432 1090 3494 scriptore,
1107 3446 1130 3480 r.
1148 3445 1169 3479 c.
1188 3446 1220 3479 ex
1237 3430 1356 3480 Cicerone
1373 3447 1429 3489 suo,
1446 3440 1509 3482 attu-

367 3514 419 3571 nis,
435 3525 643 3574 numerosamque
658 3511 788 3558 homiuum
804 3506 917 3565 classem,
958 3508 1028 3558 lisset
1053 3509 1134 3558 simile
1158 3509 1265 3572 aliquid,
1290 3509 1379 3559 melius
1406 3511 1509 3563 fecisset.

367 3601 464 3656 praeter
485 3591 560 3651 alias,
577 3592 735 3639 constituunt.
767 3587 851 3649 Quare
866 3587 918 3636 He.
960 3589 1010 3638 Vel
1028 3589 1063 3637 sic
1079 3597 1163 3638 tamen
1179 3590 1212 3638 lis
1228 3595 1325 3638 tantum
1341 3589 1385 3638 lite
1402 3592 1508 3640 resolve-

367 3673 444 3720 ratius
461 3670 577 3734 exempla
593 3684 691 3727 eorum,
716 3669 759 3732 qui
784 3683 830 3715 sua
853 3673 918 3714 sorte
960 3676 1034 3718 retur.
1068 3671 1102 3719 Et
1117 3685 1209 3732 caupo,
1231 3670 1375 3732 praesertim
1387 3671 1509 3732 perfidus,

367 3767 416 3801 non
432 3752 541 3800 contenti
556 3757 628 3808 sunt,
644 3764 677 3798 ex
693 3748 745 3797 illis
762 3748 828 3796 vitae
845 3761 918 3810 gene·
959 3748 1018 3796 alibi
1035 3749 1173 3812 appellatus
1200 3751 1338 3812 maliosus,
1361 3749 1401 3796 hic
1425 3749 1508 3797 locum

368 3831 435 3879 ribus
462 3831 532 3894 legit.
574 3830 606 3878 In
631 3845 667 3878 vs.
693 3830 717 3877 4.
740 3843 776 3891 sq.
802 3827 918 3889 exempla
958 3829 1023 3877 tueri
1040 3842 1089 3877 non
1105 3834 1190 3891 potest.
1213 3828 1318 3876 Interim
1335 3828 1418 3876 omnia
1429 3828 1507 3879 MSS.

367 3911 466 3969 militis,
490 3910 641 3968 mercatoris,
657 3908 742 3957 rustici
759 3915 784 3955 et
800 3906 918 3955 iuriscon-
958 3908 986 3955 in
1006 3908 1053 3956 ista
1077 3908 1181 3956 lectione
1203 3907 1357 3970 conspirant,
1377 3908 1426 3957 uisi
1442 3910 1507 3972 quod

368 3991 427 4040 sulti
443 3991 582 4054 proposuit:
607 3991 635 4038 in
659 4004 695 4037 vs.
724 3989 761 4036 15.
779 4002 814 4051 sq.
833 3987 918 4035 eadem
958 3988 1080 4036 nonnulla
1096 3987 1213 4051 praebent
1230 4003 1324 4049 campo.
1357 3987 1508 4051 Interpretee

368 4072 475 4134 repetiit,
493 4072 551 4128 esta,
568 4076 598 4118 tu
614 4072 684 4118 oredo
701 4070 918 4131 mileamercator,
958 4068 1035 4116 variis
1051 4068 1196 4116 coniecturis
1213 4074 1315 4116 certant.
1342 4069 1509 4131 Pereiqilhr'c

370 4157 396 4199 ta
421 4151 551 4199 somnitus
575 4151 653 4206 modo,
679 4149 799 4196 rusticas.
834 4146 918 4207 Quare
959 4162 1046 4210 rampo
1070 4148 1148 4195 miles.
1191 4145 1312 4210 Perfidae
1340 4148 1380 4194 hic
1404 4162 1508 4209 canapo,

369 4244 434 4278 nunc
444 4244 490 4293 pro
498 4231 610 4279 consulto
619 4229 757 4277 induxisset
767 4229 918 4290 cauponem?
959 4229 1036 4276 mdes.
1063 4226 1329 4287 Ferviduae'oeampo,
1342 4226 1418 4274 miles.
1442 4228 1506 4273 Per·

369 4309 455 4369 Poeta,
471 4310 565 4367 dicunt,
579 4310 705 4358 cmwultea
715 4320 815 4370 carpere
825 4305 918 4362 noluit,
953 4307 1027 4371 fidae
1043 4307 1083 4355 hic
1093 4310 1190 4354 cautor.
1221 4304 1337 4352 Callidus
1354 4304 1394 4352 hle
1410 4309 1511 4355 cautor.

369 4403 425 4438 cum
443 4389 589 4453 pracsertim
609 4402 660 4436 non
678 4386 743 4435 lucri
759 4388 802 4435 sed
818 4385 918 4434 honoris
962 4383 1359 4447 uamsmtcusvaseraa,mt1ea
1391 4383 1507 4447 Apitzius

370 4476 394 4518 et
404 4468 518 4518 utilitatis
534 4483 621 4516 caussa
631 4468 662 4516 de
672 4467 726 4515 iure
736 4467 918 4530 responderent.
959 4466 1046 4514 laudat
1071 4463 1174 4514 Obbarii
1205 4464 1327 4512 Persicus
1357 4464 1397 4511 hic
1420 4479 1507 4528 eorrrpo

371 4549 455 4607 Tunc,
483 4549 568 4606 credo,
592 4547 692 4596 nomine
716 4553 767 4595 tam
792 4545 920 4610 praeclaro
961 4548 1043 4596 miles:
1060 4545 1112 4607 ipse
1128 4543 1190 4606 legit
1208 4542 1331 4605 Perficus.

371 4626 734 4690 prorsusabstineredebuerat.
761 4627 919 4688 Quidlquod
994 4625 1050 4688 Ego
1070 4622 1173 4672 conieci:
1208 4622 1333 4683 Respmsss'
1353 4623 1394 4671 hic
1415 4639 1508 4687 cosrpo,

372 4709 512 4756 consultum
537 4706 586 4755 iam
609 4706 636 4754 in
656 4706 776 4769 principio
797 4706 919 4755 intereos
961 4707 1208 4767 adhaerentesque.
1242 4702 1323 4763 Quam
1339 4704 1464 4766 proprium
1477 4705 1510 4752 sit
