3750 5759
735 684 760 748 Ι.
808 705 936 750 saman
949 705 1014 801 ,¹X'
1040 706 1073 752 x.
1402 693 1462 758 185

337 867 400 916 Tale
416 867 475 930 qnid
492 869 518 916 in
542 869 661 933 Esquiliis
678 870 733 919 fieri
750 886 799 919 non
815 880 917 935 poterat.
951 873 1022 937 Ager
1038 875 1097 924 olim
1114 875 1212 925 albebat
1226 877 1330 926 ossibus.
1358 878 1424 926 Loco
1440 879 1466 926 in

337 948 420 997 hortos
446 957 541 999 mutato
565 966 621 1000 ossa
642 960 713 1000 erant
734 954 837 1016 sepulta.
871 955 898 1005 Si
924 955 1029 1006 Canidia
1045 965 1070 1006 et
1087 957 1188 1021 Sagana
1204 960 1288 1022 legere
1304 957 1408 1016 vellent,
1434 971 1465 1006 ex

336 1042 397 1090 rogo
413 1029 497 1092 legere
513 1046 564 1081 non
579 1040 703 1095 poterant,
720 1036 764 1082 sed
780 1049 813 1083 ex
829 1042 896 1086 terra
911 1051 999 1087 eruere
1014 1038 1142 1087 debebant.

384 1109 415 1156 P.
432 1111 472 1162 70.
524 1113 641 1170 Puniuii,
665 1129 758 1177 magna
781 1116 902 1179 sepulcra.
926 1117 1017 1166 Livius
1038 1116 1215 1168 xxxvia.
1246 1120 1370 1168 Tumulus
1385 1124 1423 1166 eet
1439 1120 1466 1165 in

336 1203 413 1238 ursum
430 1192 537 1250 oeneus,
554 1208 617 1255 quos
630 1196 727 1256 possim
743 1200 830 1245 struto
845 1202 936 1258 mant,
953 1199 1104 1248 coacervatis
1113 1193 1213 1261 jhctus.

768 1389 800 1430 1.
815 1395 818 1400 ·
835 1379 971 1429 SA'I'IRA
991 1378 1039 1428 IX.

273 1577 275 1579 ι
383 1515 414 1564 Ρ.
431 1519 469 1570 72.
506 1522 596 1569 Pluris
632 1523 831 1585 Hoc,inqua1n‚
858 1525 927 1571 haud
943 1524 1005 1572 mihi
1020 1526 1079 1573 eris.
1113 1524 1156 1573 Ad
1177 1524 1342 1574 coniecturam
1362 1525 1463 1574 firman-

335 1595 392 1644 dam
410 1597 467 1646 facit
483 1601 609 1650 annotatio
625 1602 804 1665 Porphyrionis
822 1605 852 1651 ad
869 1618 906 1652 vs.
923 1604 963 1653 22.
988 1606 1018 1653 st
1038 1607 1096 1654 bene
1119 1621 1157 1653 me
1173 1607 1237 1654 novi.
1265 1605 1416 1669 „Eleganter
1432 1607 1465 1655 ait

334 1689 391 1722 enm
408 1677 446 1724 his
462 1678 535 1728 rehus
549 1679 597 1728 sibi
613 1681 722 1743 placere,
739 1696 802 1744 quae
818 1683 850 1730 ed
866 1683 1003 1731 doctrinam
1019 1696 1070 1731 non
1086 1684 1198 1732 attinent.
1224 1685 1285 1733 Ideo
1300 1685 1408 1734 ostendit
1420 1683 1465 1733 im·

335 1755 441 1815 peritum
459 1759 517 1806 satis
534 1766 559 1807 et
576 1760 744 1823 importunum
761 1762 1005 1812 hom1nemfuisse.“

382 1836 412 1884 P.
428 1837 468 1888 74.
504 1842 650 1890 Paucorum
666 1844 793 1892 tonitrium
809 1850 834 1891 et
850 1845 941 1892 neentis
961 1847 1018 1892 bene
1042 1858 1124 1892 sance.
1158 1843 1211 1892 Est
1229 1858 1368 1906 paucorum
1390 1844 1464 1894 homi·

334 1931 394 1963 rium
415 1917 538 1979 significat
555 1927 592 1968 est
608 1936 675 1971 unus
698 1937 837 1984 paucorum
860 1925 998 1982 hominum,
1019 1922 1085 1972 unde
1107 1921 1169 1971 aliae
1184 1922 1377 1986 sigmficstiones
1393 1925 1464 1974 facile
1516 1971 1518 1975 .

333 1995 465 2046 ducuntur.
489 1998 604 2048 Donatus
621 2001 652 2048 ad
669 2001 770 2050 Terent.
803 2001 1080 2050 Eunuch.IH.1.18.
1111 2002 1168 2051 Imc
1187 2003 1224 2052 sic
1240 2004 1310 2052 homo
1323 2011 1366 2054 est.
1401 2007 1464 2054 Per-
1506 2036 1510 2042 -

329 2091 469 2139 paucorum
484 2080 618 2128 hominum.
651 2079 723 2137 „Aut
739 2081 783 2143 qui
798 2081 883 2144 paucis
905 2082 991 2142 utitur,
1019 2087 1062 2130 aut
1081 2081 1125 2143 qni
1141 2081 1171 2130 de
1187 2080 1270 2144 paucis
1292 2089 1341 2140 est,
1362 2091 1406 2132 sut
1422 2086 1465 2148 qui

332 2158 416 2221 paucis
433 2158 527 2222 placet,
552 2160 598 2208 hoc
614 2169 659 2219 est,
675 2160 744 2209 honis
761 2168 786 2210 et
805 2161 972 2224 sapientibus,
998 2161 1040 2225 qui
1056 2160 1108 2208 fere
1125 2161 1196 2224 pauci
1212 2167 1294 2210 sunt.“
1326 2164 1369 2211 Ex
1384 2164 1465 2227 prima

333 2240 378 2288 illa
394 2241 572 2304 significatione
588 2243 758 2303 efficiendum,
773 2245 833 2308 qnid
849 2244 974 2292 sententia
990 2243 1038 2293 loci
1054 2243 1173 2306 requirat.
1192 2242 1323 2292 Maecenas
1334 2252 1371 2292 est
1382 2245 1463 2304 homo,

331 2321 416 2384 quales
431 2324 504 2386 pauci
519 2324 688 2383 Inveniuntur,
703 2325 792 2372 mentis
808 2325 954 2388 praesertim
970 2324 1032 2373 hene
1042 2337 1124 2372 sanae.
1143 2322 1288 2373 Genitivum
1300 2324 1377 2374 istum
1390 2325 1464 2374 multi

331 2401 532 2464 explicaverunt,
558 2404 598 2452 vel
625 2404 657 2452 ad
679 2405 760 2468 ipsum
782 2406 870 2455 Horat.
897 2403 981 2454 Germ.
998 2404 1049 2454 III.
1072 2404 1189 2452 xn1.13.
1223 2406 1282 2454 Fies
1296 2408 1417 2454 nobilium
1434 2413 1463 2455 tu

331 2493 425 2543 quoque
433 2483 556 2544 sontium.
580 2484 668 2533 Livius
683 2484 831 2548 frequentat,
847 2500 871 2533 r.
889 2498 911 2533 c.
929 2484 1016 2534 XLV.
1035 2484 1072 2534 18.
1090 2485 1190 2532 Eorum
1211 2486 1339 2534 hominum
1355 2485 1463 2535 Attalus

330 2566 398 2618 erut,
414 2564 472 2623 qai,
488 2568 612 2624 quantum
627 2576 682 2624 spes
696 2564 880 2624 spopondisset,
897 2569 1023 2625 cuperent.
1059 2562 1110 2613 Sed
1126 2565 1225 2628 qnando
1242 2564 1268 2612 in
1285 2565 1372 2615 ecdem
1388 2566 1462 2630 scrip-

331 2646 384 2690 tore
400 2641 490 2691 XXII.
508 2642 548 2690 50.
564 2641 668 2704 legitur:
687 2644 721 2690 od
739 2641 842 2690 Connus
852 2642 994 2706 sapientem
1013 2642 1145 2693 Consulem
1155 2645 1199 2693 vic
1210 2646 1372 2708 septucqinto
1383 2649 1464 2696 secuti

329 2727 403 2770 sunt:
429 2724 535 2770 citerius
558 2723 688 2770 morientis
703 2737 781 2784 prope
797 2727 864 2770 totus
884 2724 1011 2770 exercitus
1022 2721 1096 2784 fuit,
1117 2737 1147 2771 ea
1168 2736 1219 2771 non
1239 2729 1304 2771 recte
1325 2738 1350 2771 se
1372 2724 1463 2773 hahent

330 2807 356 2849 et
382 2801 539 2849 scribendum
564 2801 673 2850 videtur:
698 2803 805 2850 atterius
827 2803 956 2850 morientis
976 2817 1054 2864 prope
1076 2808 1145 2851 totus
1164 2805 1244 2851 socius
1259 2805 1384 2853 exercitus
1394 2803 1462 2867 fuit.

330 2880 432 2929 Excidit
447 2883 529 2930 eodm
543 2888 643 2944 propter
659 2880 843 2929 similitudinem
858 2880 999 2929 litterarum
1015 2881 1042 2929 in
1059 2887 1133 2931 totus.
1155 2881 1290 2944 Eleganter
1301 2882 1328 2930 in
1344 2897 1374 2932 eu
1384 2898 1411 2932 re
1426 2899 1461 2934 so

329 2963 383 3010 cius
398 2961 509 3025 ponitur,
526 2968 555 3009 ut
571 2962 637 3024 apud
653 2962 738 3024 poetas
754 2961 834 3009 socius
850 2965 954 3018 mortis,
970 2963 1029 3022 leti,
1045 2967 1069 3010 et
1085 2977 1171 3011 censes.
1203 2961 1271 3010 Nota
1292 2969 1345 3011 erat
1365 2962 1462 3026 Diphili
1546 3003 1549 3008 .

329 3041 414 3091 fabula
436 3041 707 3101 Συναποθνήσκοντες,
728 3054 804 3104 quam
829 3040 935 3090 Plautus
956 3039 1015 3089 fecit
1039 3044 1236 3102 comniorientes,
1265 3042 1351 3091 mortis
1376 3044 1461 3092 socios.

328 3122 400 3170 Idem
416 3120 506 3170 Livius
522 3122 549 3170 in
566 3121 673 3171 formula
693 3123 784 3170 arentis
799 3137 878 3171 sance
893 3123 1061 3172 emendandus
1078 3129 1115 3172 est
1126 3122 1210 3172 XLV.
1231 3123 1268 3172 10.
1288 3124 1396 3186 Culpam
1412 3140 1461 3174 non

326 3217 403 3264 penes
416 3205 552 3264 populum,
567 3203 611 3251 sed
623 3216 702 3264 penes
714 3215 810 3264 pouces
825 3203 962 3251 concitores
978 3203 1048 3265 vulpi
1063 3217 1129 3262 esse,
1146 3204 1226 3252 dicit:
1244 3217 1283 3252 ece
1293 3205 1402 3254 venalem
1415 3206 1461 3254 lin·

327 3298 403 3344 orcum
419 3283 536 3330 hahentes
551 3283 650 3331 decreto
666 3284 742 3344 plenu
757 3283 842 3343 reqiue
857 3282 1034 3330 ostentationis
1044 3281 1150 3345 secure,
1167 3288 1192 3331 et
1209 3297 1251 3331 ecs
1269 3284 1400 3345 leputionee
1417 3285 1461 3332 mi·

328 3362 400 3420 ause,
425 3377 534 3424 quorum
556 3362 668 3411 Rhodios
689 3374 786 3422 semper
802 3375 851 3409 non
877 3362 959 3408 minus
972 3363 1092 3422 puderet,
1117 3377 1193 3424 quum
1207 3364 1356 3429 poeniteret.
1389 3364 1461 3422 Quae

326 3442 423 3498 cannia,
447 3442 470 3489 si
495 3447 579 3490 tamen
600 3443 692 3504 populo
707 3441 793 3504 foret,
817 3442 846 3489 in
866 3441 954 3502 copia
969 3441 1100 3489 nesiorum
1122 3457 1234 3491 versura.
1267 3442 1319 3490 Pro
1335 3443 1359 3490 si
1376 3448 1459 3492 tumen

327 3519 349 3568 1.
366 3521 395 3569 F.
413 3520 523 3570 Gronov.
540 3520 615 3584 legit,
630 3523 655 3569 si
669 3522 693 3569 is
708 3522 822 3580 unimus,
843 3519 864 3568 1.
882 3518 993 3569 Gronov.
1009 3525 1035 3568 et
1051 3519 1166 3570 Perizon.
1181 3523 1204 3570 si
1219 3537 1249 3571 eu
1265 3536 1340 3570 mens.
1362 3519 1460 3571 Verum

327 3605 398 3662 puto:
421 3602 444 3648 si
459 3615 524 3649 sunu
540 3615 608 3648 mare
623 3602 717 3663 populo
726 3600 806 3663 foret.
839 3598 927 3648 Livius
945 3598 1049 3648 XXIII.
1071 3600 1095 3652 7.
1114 3602 1149 3649 D.
1166 3601 1283 3664 Mopius,
1299 3601 1347 3659 uir,
1369 3604 1410 3651 cui
1426 3605 1461 3650 od

326 3694 449 3728 sonsmum
466 3682 644 3730 auctoritatem
660 3681 725 3728 mitt
740 3686 843 3743 praeter
858 3694 948 3729 sonam
964 3681 1057 3730 cisium
1072 3687 1176 3730 mentem
1188 3680 1278 3742 defuit.
1295 3681 1372 3729 Mens
1383 3695 1457 3740 sono,

327 3767 355 3807 ut
371 3764 509 3825 σωφρονεῖν
525 3775 597 3823 saepe
618 3761 645 3808 in
665 3760 738 3808 rebus
755 3760 879 3812 civilibus
901 3762 933 3809 ad
955 3761 1113 3824 prudentiam
1133 3767 1158 3810 et
1174 3761 1329 3810 concordiam
1345 3759 1457 3809 refertur.

326 3837 398 3888 Conf.
413 3840 559 3903 interpretes
580 3841 612 3888 ad
631 3840 734 3904 Nepotis
750 3839 846 3902 Agesil.
864 3841 898 3890 V.
919 3843 968 3890 illu
983 3843 1158 3900 multitudine,
1174 3843 1199 3890 si
1214 3857 1277 3891 sunu
1294 3856 1362 3890 inens
1383 3847 1458 3899 esset,

329 3921 454 3970 Graeciae
470 3923 626 3983 supplicium
645 3924 739 3969 Persas
755 3922 816 3970 clare
829 3923 945 3984 potuisse.

764 4089 796 4129 Ι.
833 4078 971 4129 SATIRA
994 4080 1027 4128 X.

373 4225 403 4273 P.
421 4225 460 4276 76.
494 4224 556 4274 Octo
578 4239 664 4274 versus
687 4225 790 4274 Horatio
813 4239 910 4288 quoqne
936 4224 1058 4272 ahiudioat
1079 4221 1109 4273 O.
1126 4224 1155 4272 F.
1174 4223 1299 4286 Gruppius
1317 4224 1343 4272 in
1359 4224 1456 4286 Minoe,

325 4320 348 4366 p.
365 4305 421 4353 240.
454 4305 531 4353 Hunc
546 4319 593 4367 ego
608 4304 700 4353 librum
717 4321 783 4354 nnnc
803 4306 910 4367 primum
928 4305 987 4353 vidi.
1021 4304 1117 4366 Legere
1134 4304 1216 4352 adhuc
1232 4303 1294 4351 nihil
1310 4302 1393 4365 potui,
1410 4302 1456 4349 nisi

325 4398 387 4446 quae
404 4386 435 4432 ud
454 4384 548 4434 Satires
566 4385 724 4446 pertinerent.
748 4384 811 4434 Alia
826 4391 924 4432 tuntum
942 4384 982 4432 hic
998 4383 1047 4432 illic
1062 4384 1166 4446 inspexi.
1183 4384 1226 4432 Ad
1247 4383 1348 4431 laudem
1365 4381 1455 4430 Minois

324 4478 364 4511 me
389 4464 482 4528 aliquid
504 4465 584 4512 dicere
610 4465 719 4513 omnium
740 4465 841 4513 minime
858 4466 934 4513 decet.
968 4464 1111 4526 Optandum
1128 4469 1211 4512 tamen
1228 4463 1325 4510 videtur
1342 4461 1405 4519 fore,
1428 4467 1456 4508 ut

323 4544 432 4608 collegae
448 4546 553 4602 Minois,
570 4545 670 4593 Aeacus
689 4551 714 4593 et
730 4545 931 4603 Rhadamantus‚
952 4543 1037 4606 paullo
1062 4543 1143 4591 minus
1161 4543 1240 4592 severi
1267 4541 1323 4590 sint.
1357 4542 1456 4589 Interea

324 4630 348 4671 et
364 4623 411 4671 hoc
433 4626 483 4674 vidi
512 4625 653 4687 Gruppium
675 4623 796 4688 Georgica
811 4624 955 4687 Virgiliena
971 4623 1019 4673 IV.
1036 4623 1092 4676 287.
1110 4639 1146 4687 sq.
1168 4623 1254 4671 iisdem
1272 4620 1382 4670 versibus
1398 4635 1455 4684 spu·
1543 4657 1544 4661 ,

324 4705 367 4752 riis
388 4704 516 4765 liberasse,
542 4704 630 4769 quibus
655 4720 702 4768 ego
726 4712 809 4768 postca
833 4704 937 4753 liberavi
962 4705 986 4752 in
1009 4704 1172 4767 Mnemosyne
1195 4700 1454 4752 Leidensivol.111.
