<?xml version="1.0" encoding="UTF-8"?>
<!DOCTYPE html PUBLIC "-//W3C//DTD XHTML 1.0 Transitional//EN"
    "http://www.w3.org/TR/xhtml1/DTD/xhtml1-transitional.dtd">
<html xmlns="http://www.w3.org/1999/xhtml" xml:lang="en" lang="en">
 <head>
  <title>
</title>
<meta http-equiv="Content-Type" content="text/html;charset=utf-8" />
  <meta name='ocr-system' content='tesseract 3.04.00' />
  <meta name='ocr-capabilities' content='ocr_page ocr_carea ocr_par ocr_line ocrx_word'/>
</head>
<body>
  <div class='ocr_page' id='page_1' title='image "./qhoratiiflaccis00peergoog_0153.png"; bbox 0 0 3750 5759; ppageno 0'>
   <div class='ocr_carea' id='block_1_1' title="bbox 813 701 1085 772">
    <p class='ocr_par' dir='ltr' id='par_1_1' title="bbox 813 701 1085 772">
     <span class='ocr_line' id='line_1_1' title="bbox 813 701 1085 772; baseline 0.026 -7"><span class='ocrx_word' id='word_1_1' title='bbox 813 701 996 770; x_wconf 83' lang='lat' dir='ltr'>LIBER</span> <span class='ocrx_word' id='word_1_2' title='bbox 1043 708 1085 772; x_wconf 91' lang='lat' dir='ltr'>ll.</span> 
     </span>
    </p>
   </div>
   <div class='ocr_carea' id='block_1_2' title="bbox 420 877 1369 1394">
    <p class='ocr_par' dir='ltr' id='par_1_2' title="bbox 420 877 1369 1394">
     <span class='ocr_line' id='line_1_2' title="bbox 422 877 1244 966; baseline 0.024 -23"><span class='ocrx_word' id='word_1_3' title='bbox 422 877 565 945; x_wconf 76' lang='lat' dir='ltr'>Gemitus</span> <span class='ocrx_word' id='word_1_4' title='bbox 589 881 674 966; x_wconf 82' lang='lat' dir='ltr'>fuit,</span> <span class='ocrx_word' id='word_1_5' title='bbox 698 906 740 948; x_wconf 90' lang='lat' dir='ltr'>an</span> <span class='ocrx_word' id='word_1_6' title='bbox 764 893 945 954; x_wconf 84' lang='lat' dir='ltr'>commotae</span> <span class='ocrx_word' id='word_1_7' title='bbox 967 891 1101 960; x_wconf 88' lang='lat' dir='ltr'>crimine</span> <span class='ocrx_word' id='word_1_8' title='bbox 1125 897 1244 962; x_wconf 90' lang='lat' dir='ltr'>mentis</span> 
     </span>
     <span class='ocr_line' id='line_1_3' title="bbox 420 981 1363 1085; baseline 0.022 -39"><span class='ocrx_word' id='word_1_9' title='bbox 420 981 580 1051; x_wconf 89' lang='lat' dir='ltr'>Absolves</span> <span class='ocrx_word' id='word_1_10' title='bbox 603 987 770 1053; x_wconf 90' lang='lat' dir='ltr'>hominem</span> <span class='ocrx_word' id='word_1_11' title='bbox 793 994 826 1054; x_wconf 90' lang='lat' dir='ltr'>et</span> <span class='ocrx_word' id='word_1_12' title='bbox 851 992 979 1059; x_wconf 86' lang='lat' dir='ltr'>sceleris</span> <span class='ocrx_word' id='word_1_13' title='bbox 1004 995 1173 1065; x_wconf 79' lang='lat' dir='ltr'>damnabis</span> <span class='ocrx_word' id='word_1_14' title='bbox 1197 1001 1363 1085; x_wconf 77' lang='lat' dir='ltr'>eumdem,</span> 
     </span>
     <span class='ocr_line' id='line_1_4' title="bbox 420 1084 1259 1179; baseline 0.027 -32"><span class='ocrx_word' id='word_1_15' title='bbox 420 1084 472 1149; x_wconf 84' lang='lat' dir='ltr'>Ex</span> <span class='ocrx_word' id='word_1_16' title='bbox 495 1110 584 1155; x_wconf 91' lang='lat' dir='ltr'>more</span> <span class='ocrx_word' id='word_1_17' title='bbox 606 1090 777 1176; x_wconf 87' lang='lat' dir='ltr'>imponens</span> <span class='ocrx_word' id='word_1_18' title='bbox 801 1100 941 1179; x_wconf 85' lang='lat' dir='ltr'>cognata</span> <span class='ocrx_word' id='word_1_19' title='bbox 962 1100 1120 1167; x_wconf 90' lang='lat' dir='ltr'>vocabula</span> <span class='ocrx_word' id='word_1_20' title='bbox 1143 1104 1259 1169; x_wconf 90' lang='lat' dir='ltr'>rebus?</span> 
     </span>
     <span class='ocr_line' id='line_1_5' title="bbox 422 1187 1236 1288; baseline 0.027 -38"><span class='ocrx_word' id='word_1_21' title='bbox 422 1187 607 1257; x_wconf 76' lang='lat' dir='ltr'>libertinus</span> <span class='ocrx_word' id='word_1_22' title='bbox 632 1200 716 1277; x_wconf 84' lang='lat' dir='ltr'>erat,</span> <span class='ocrx_word' id='word_1_23' title='bbox 742 1194 798 1280; x_wconf 88' lang='lat' dir='ltr'>qui</span> <span class='ocrx_word' id='word_1_24' title='bbox 822 1197 944 1262; x_wconf 91' lang='lat' dir='ltr'>circum</span> <span class='ocrx_word' id='word_1_25' title='bbox 967 1203 1111 1288; x_wconf 88' lang='lat' dir='ltr'>compita</span> <span class='ocrx_word' id='word_1_26' title='bbox 1133 1205 1236 1272; x_wconf 88' lang='lat' dir='ltr'>siccus</span> 
     </span>
     <span class='ocr_line' id='line_1_6' title="bbox 422 1291 1369 1394; baseline 0.022 -38"><span class='ocrx_word' id='word_1_27' title='bbox 422 1291 535 1360; x_wconf 87' lang='lat' dir='ltr'>Lautis</span> <span class='ocrx_word' id='word_1_28' title='bbox 559 1318 655 1362; x_wconf 92' lang='lat' dir='ltr'>mane</span> <span class='ocrx_word' id='word_1_29' title='bbox 678 1320 779 1364; x_wconf 83' lang='lat' dir='ltr'>senex</span> <span class='ocrx_word' id='word_1_30' title='bbox 801 1301 953 1367; x_wconf 89' lang='lat' dir='ltr'>manibus</span> <span class='ocrx_word' id='word_1_31' title='bbox 978 1307 1142 1392; x_wconf 86' lang='lat' dir='ltr'>currebat,</span> <span class='ocrx_word' id='word_1_32' title='bbox 1167 1316 1217 1393; x_wconf 89' lang='lat' dir='ltr'>et,</span> <span class='ocrx_word' id='word_1_33' title='bbox 1243 1333 1369 1394; x_wconf 78' lang='lat' dir='ltr'>„unum</span> 
     </span>
    </p>
   </div>
   <div class='ocr_carea' id='block_1_3' title="bbox 422 1395 1502 1500">
    <p class='ocr_par' dir='ltr' id='par_1_3' title="bbox 422 1395 1502 1500">
     <span class='ocr_line' id='line_1_7' title="bbox 422 1395 1502 1500; baseline 0.019 -40"><span class='ocrx_word' id='word_1_34' title='bbox 422 1395 507 1475; x_wconf 82' lang='lat' dir='ltr'>Quid</span> <span class='ocrx_word' id='word_1_35' title='bbox 531 1406 599 1464; x_wconf 87' lang='lat' dir='ltr'>tam</span> <span class='ocrx_word' id='word_1_36' title='bbox 622 1405 825 1487; x_wconf 84' lang='lat' dir='ltr'>magnum?“</span> <span class='ocrx_word' id='word_1_37' title='bbox 849 1406 989 1492; x_wconf 75' lang='lat' dir='ltr'>addent,</span> <span class='ocrx_word' id='word_1_38' title='bbox 1015 1433 1142 1494; x_wconf 85' lang='lat' dir='ltr'>„unum</span> <span class='ocrx_word' id='word_1_39' title='bbox 1161 1435 1214 1479; x_wconf 93' lang='lat' dir='ltr'>me</span> <span class='ocrx_word' id='word_1_40' title='bbox 1239 1415 1363 1500; x_wconf 81' lang='lat' dir='ltr'>surpite</span> <span class='ocrx_word' id='word_1_41' title='bbox 1386 1417 1502 1481; x_wconf 85' lang='lat' dir='ltr'>mortii</span> 
     </span>
    </p>
   </div>
   <div class='ocr_carea' id='block_1_4' title="bbox 372 1534 1504 2239">
    <p class='ocr_par' dir='ltr' id='par_1_4' title="bbox 372 1534 1504 1844">
     <span class='ocr_line' id='line_1_8' title="bbox 373 1534 1504 1606; baseline 0.011 -26"><span class='ocrx_word' id='word_1_42' title='bbox 373 1534 478 1594; x_wconf 79' lang='lat' dir='ltr'>inquam</span> <span class='ocrx_word' id='word_1_43' title='bbox 501 1539 536 1586; x_wconf 89' lang='lat' dir='ltr'>ita</span> <span class='ocrx_word' id='word_1_44' title='bbox 552 1540 675 1590; x_wconf 90' lang='lat' dir='ltr'>interdum</span> <span class='ocrx_word' id='word_1_45' title='bbox 696 1545 804 1606; x_wconf 90' lang='lat' dir='ltr'>ponitur,</span> <span class='ocrx_word' id='word_1_46' title='bbox 830 1552 858 1593; x_wconf 91' lang='lat' dir='ltr'>ut</span> <span class='ocrx_word' id='word_1_47' title='bbox 874 1559 917 1594; x_wconf 84' lang='lat' dir='ltr'>ex·</span> <span class='ocrx_word' id='word_1_48' title='bbox 957 1544 1004 1592; x_wconf 89' lang='lat' dir='ltr'>lius</span> <span class='ocrx_word' id='word_1_49' title='bbox 1021 1542 1113 1592; x_wconf 88' lang='lat' dir='ltr'>iudicat</span> <span class='ocrx_word' id='word_1_50' title='bbox 1129 1543 1282 1604; x_wconf 87' lang='lat' dir='ltr'>coniungere</span> <span class='ocrx_word' id='word_1_51' title='bbox 1307 1558 1338 1590; x_wconf 77' lang='lat' dir='ltr'>eu</span> <span class='ocrx_word' id='word_1_52' title='bbox 1354 1557 1421 1592; x_wconf 85' lang='lat' dir='ltr'>more</span> <span class='ocrx_word' id='word_1_53' title='bbox 1434 1544 1504 1591; x_wconf 84' lang='lat' dir='ltr'>dam·</span> 
     </span>
     <span class='ocr_line' id='line_1_9' title="bbox 372 1610 1502 1689; baseline 0.011 -30"><span class='ocrx_word' id='word_1_54' title='bbox 372 1610 506 1674; x_wconf 88' lang='lat' dir='ltr'>plicandis,</span> <span class='ocrx_word' id='word_1_55' title='bbox 534 1628 577 1668; x_wconf 85' lang='lat' dir='ltr'>aut</span> <span class='ocrx_word' id='word_1_56' title='bbox 601 1623 772 1671; x_wconf 84' lang='lat' dir='ltr'>connectendis</span> <span class='ocrx_word' id='word_1_57' title='bbox 798 1625 828 1672; x_wconf 89' lang='lat' dir='ltr'>iis</span> <span class='ocrx_word' id='word_1_58' title='bbox 854 1639 917 1689; x_wconf 86' lang='lat' dir='ltr'>quae</span> <span class='ocrx_word' id='word_1_59' title='bbox 958 1627 1043 1684; x_wconf 69' lang='lat' dir='ltr'>nobb,</span> <span class='ocrx_word' id='word_1_60' title='bbox 1058 1637 1133 1687; x_wconf 87' lang='lat' dir='ltr'>quam</span> <span class='ocrx_word' id='word_1_61' title='bbox 1149 1639 1180 1670; x_wconf 78' lang='lat' dir='ltr'>es</span> <span class='ocrx_word' id='word_1_62' title='bbox 1190 1623 1444 1684; x_wconf 81' lang='lat' dir='ltr'>moreimpoueaa,et</span> <span class='ocrx_word' id='word_1_63' title='bbox 1457 1625 1502 1672; x_wconf 85' lang='lat' dir='ltr'>im-</span> 
     </span>
     <span class='ocr_line' id='line_1_10' title="bbox 373 1697 1501 1766; baseline 0.009 -27"><span class='ocrx_word' id='word_1_64' title='bbox 373 1697 533 1756; x_wconf 84' lang='lat' dir='ltr'>anteoedunt,</span> <span class='ocrx_word' id='word_1_65' title='bbox 551 1700 682 1761; x_wconf 81' lang='lat' dir='ltr'>inserviat,</span> <span class='ocrx_word' id='word_1_66' title='bbox 698 1703 851 1752; x_wconf 87' lang='lat' dir='ltr'>necmultum</span> <span class='ocrx_word' id='word_1_67' title='bbox 874 1703 917 1752; x_wconf 86' lang='lat' dir='ltr'>dis·</span> <span class='ocrx_word' id='word_1_68' title='bbox 956 1718 1050 1765; x_wconf 81' lang='lat' dir='ltr'>ponens</span> <span class='ocrx_word' id='word_1_69' title='bbox 1071 1703 1180 1766; x_wconf 77' lang='lat' dir='ltr'>accipere</span> <span class='ocrx_word' id='word_1_70' title='bbox 1202 1707 1331 1764; x_wconf 85' lang='lat' dir='ltr'>tamquam</span> <span class='ocrx_word' id='word_1_71' title='bbox 1352 1701 1501 1765; x_wconf 73' lang='lat' dir='ltr'>epexegesim</span> 
     </span>
     <span class='ocr_line' id='line_1_11' title="bbox 373 1773 1230 1844; baseline 0.011 -24"><span class='ocrx_word' id='word_1_72' title='bbox 373 1773 437 1822; x_wconf 87' lang='lat' dir='ltr'>ferat</span> <span class='ocrx_word' id='word_1_73' title='bbox 453 1776 484 1823; x_wconf 85' lang='lat' dir='ltr'>ab</span> <span class='ocrx_word' id='word_1_74' title='bbox 500 1781 600 1839; x_wconf 64' lang='lat' dir='ltr'>scilieet</span> <span class='ocrx_word' id='word_1_75' title='bbox 617 1798 717 1844; x_wconf 85' lang='lat' dir='ltr'>nempe,</span> <span class='ocrx_word' id='word_1_76' title='bbox 734 1784 802 1832; x_wconf 81' lang='lat' dir='ltr'>verbi</span> <span class='ocrx_word' id='word_1_77' title='bbox 815 1799 916 1842; x_wconf 76' lang='lat' dir='ltr'>causan,</span> <span class='ocrx_word' id='word_1_78' title='bbox 958 1782 1091 1832; x_wconf 82' lang='lat' dir='ltr'>verborum</span> <span class='ocrx_word' id='word_1_79' title='bbox 1108 1798 1140 1832; x_wconf 80' lang='lat' dir='ltr'>ea</span> <span class='ocrx_word' id='word_1_80' title='bbox 1157 1797 1230 1830; x_wconf 84' lang='lat' dir='ltr'>more.</span> 
     </span>
    </p>

    <p class='ocr_par' dir='ltr' id='par_1_5' title="bbox 372 1858 1502 2239">
     <span class='ocr_line' id='line_1_12' title="bbox 374 1858 1502 1924; baseline 0.004 -23"><span class='ocrx_word' id='word_1_81' title='bbox 374 1861 448 1914; x_wconf 90' lang='lat' dir='ltr'>prout</span> <span class='ocrx_word' id='word_1_82' title='bbox 480 1861 603 1908; x_wconf 87' lang='lat' dir='ltr'>sententia</span> <span class='ocrx_word' id='word_1_83' title='bbox 626 1861 740 1924; x_wconf 88' lang='lat' dir='ltr'>postulat.</span> <span class='ocrx_word' id='word_1_84' title='bbox 774 1863 917 1912; x_wconf 83' lang='lat' dir='ltr'>Meinehius</span> <span class='ocrx_word' id='word_1_85' title='bbox 996 1863 1066 1921; x_wconf 78' lang='lat' dir='ltr'>Quid</span> <span class='ocrx_word' id='word_1_86' title='bbox 1083 1868 1135 1910; x_wconf 83' lang='lat' dir='ltr'>tam</span> <span class='ocrx_word' id='word_1_87' title='bbox 1152 1858 1291 1924; x_wconf 75' lang='lat' dir='ltr'>inaquam?</span> <span class='ocrx_word' id='word_1_88' title='bbox 1307 1860 1407 1916; x_wconf 79' lang='lat' dir='ltr'>addens,</span> <span class='ocrx_word' id='word_1_89' title='bbox 1425 1876 1502 1908; x_wconf 72' lang='lat' dir='ltr'>anum.</span> 
     </span>
     <span class='ocr_line' id='line_1_13' title="bbox 374 1936 1501 2002; baseline 0.006 -23"><span class='ocrx_word' id='word_1_90' title='bbox 374 1946 407 1979; x_wconf 86' lang='lat' dir='ltr'>ex</span> <span class='ocrx_word' id='word_1_91' title='bbox 432 1937 571 1986; x_wconf 85' lang='lat' dir='ltr'>coniectura</span> <span class='ocrx_word' id='word_1_92' title='bbox 598 1938 682 1988; x_wconf 86' lang='lat' dir='ltr'>caroli</span> <span class='ocrx_word' id='word_1_93' title='bbox 702 1942 808 1990; x_wconf 84' lang='lat' dir='ltr'>Frankii</span> <span class='ocrx_word' id='word_1_94' title='bbox 828 1943 916 1991; x_wconf 83' lang='lat' dir='ltr'>edidit:</span> <span class='ocrx_word' id='word_1_95' title='bbox 958 1957 996 1990; x_wconf 87' lang='lat' dir='ltr'>me</span> <span class='ocrx_word' id='word_1_96' title='bbox 1011 1942 1109 2002; x_wconf 79' lang='lat' dir='ltr'><strong><em>surpite</em></strong></span> <span class='ocrx_word' id='word_1_97' title='bbox 1129 1941 1212 1988; x_wconf 65' lang='lat' dir='ltr'>neorii.</span> <span class='ocrx_word' id='word_1_98' title='bbox 1245 1937 1285 1986; x_wconf 91' lang='lat' dir='ltr'>Ita</span> <span class='ocrx_word' id='word_1_99' title='bbox 1310 1937 1336 1986; x_wconf 89' lang='lat' dir='ltr'>in</span> <span class='ocrx_word' id='word_1_100' title='bbox 1359 1936 1501 1986; x_wconf 89' lang='lat' dir='ltr'>melioribus</span> 
     </span>
     <span class='ocr_line' id='line_1_14' title="bbox 375 2017 1501 2080; baseline 0.005 -20"><span class='ocrx_word' id='word_1_101' title='bbox 375 2019 451 2076; x_wconf 85' lang='lat' dir='ltr'>atque</span> <span class='ocrx_word' id='word_1_102' title='bbox 463 2017 545 2077; x_wconf 80' lang='lat' dir='ltr'>iqnem</span> <span class='ocrx_word' id='word_1_103' title='bbox 560 2020 643 2080; x_wconf 77' lang='lat' dir='ltr'>qlndio</span> <span class='ocrx_word' id='word_1_104' title='bbox 659 2029 776 2070; x_wconf 75' lang='lat' dir='ltr'>scrutare</span> <span class='ocrx_word' id='word_1_105' title='bbox 790 2023 875 2080; x_wconf 83' lang='lat' dir='ltr'>modo,</span> <span class='ocrx_word' id='word_1_106' title='bbox 888 2024 917 2070; x_wconf 83' lang='lat' dir='ltr'>ia</span> <span class='ocrx_word' id='word_1_107' title='bbox 958 2018 1034 2069; x_wconf 87' lang='lat' dir='ltr'>MSS.</span> <span class='ocrx_word' id='word_1_108' title='bbox 1047 2019 1115 2070; x_wconf 92' lang='lat' dir='ltr'>Olim</span> <span class='ocrx_word' id='word_1_109' title='bbox 1123 2018 1241 2066; x_wconf 76' lang='lat' dir='ltr'>edebatur</span> <span class='ocrx_word' id='word_1_110' title='bbox 1250 2017 1370 2080; x_wconf 75' lang='lat' dir='ltr'>quiddam</span> <span class='ocrx_word' id='word_1_111' title='bbox 1376 2033 1501 2080; x_wconf 74' lang='lat' dir='ltr'>nmquam.</span> 
     </span>
     <span class='ocr_line' id='line_1_15' title="bbox 374 2096 1501 2160; baseline 0.003 -18"><span class='ocrx_word' id='word_1_112' title='bbox 374 2109 445 2155; x_wconf 83' lang='lat' dir='ltr'>quem</span> <span class='ocrx_word' id='word_1_113' title='bbox 465 2097 574 2145; x_wconf 80' lang='lat' dir='ltr'>Hellade</span> <span class='ocrx_word' id='word_1_114' title='bbox 591 2113 711 2159; x_wconf 73' lang='lat' dir='ltr'>percussa</span> <span class='ocrx_word' id='word_1_115' title='bbox 731 2101 836 2148; x_wconf 75' lang='lat' dir='ltr'>Mariae</span> <span class='ocrx_word' id='word_1_116' title='bbox 860 2116 916 2149; x_wconf 82' lang='lat' dir='ltr'>cam</span> <span class='ocrx_word' id='word_1_117' title='bbox 958 2098 1086 2147; x_wconf 87' lang='lat' dir='ltr'>Bentleius</span> <span class='ocrx_word' id='word_1_118' title='bbox 1103 2096 1222 2160; x_wconf 86' lang='lat' dir='ltr'>explicat:</span> <span class='ocrx_word' id='word_1_119' title='bbox 1245 2110 1296 2144; x_wconf 90' lang='lat' dir='ltr'>non</span> <span class='ocrx_word' id='word_1_120' title='bbox 1311 2110 1430 2159; x_wconf 82' lang='lat' dir='ltr'>magnam</span> <span class='ocrx_word' id='word_1_121' title='bbox 1447 2112 1501 2145; x_wconf 89' lang='lat' dir='ltr'>rem</span> 
     </span>
     <span class='ocr_line' id='line_1_16' title="bbox 372 2174 1500 2239; baseline 0.005 -21"><span class='ocrx_word' id='word_1_122' title='bbox 372 2175 575 2235; x_wconf 79' lang='lat' dir='ltr'>praecipitatae.</span> <span class='ocrx_word' id='word_1_123' title='bbox 592 2176 694 2235; x_wconf 82' lang='lat' dir='ltr'>Voluit,</span> <span class='ocrx_word' id='word_1_124' title='bbox 708 2179 791 2227; x_wconf 88' lang='lat' dir='ltr'>credo:</span> <span class='ocrx_word' id='word_1_125' title='bbox 808 2187 917 2229; x_wconf 86' lang='lat' dir='ltr'>scrutare</span> <span class='ocrx_word' id='word_1_126' title='bbox 957 2177 1064 2239; x_wconf 86' lang='lat' dir='ltr'>postulo,</span> <span class='ocrx_word' id='word_1_127' title='bbox 1081 2184 1109 2226; x_wconf 91' lang='lat' dir='ltr'>ut</span> <span class='ocrx_word' id='word_1_128' title='bbox 1125 2192 1203 2224; x_wconf 92' lang='lat' dir='ltr'>unum</span> <span class='ocrx_word' id='word_1_129' title='bbox 1221 2174 1309 2224; x_wconf 90' lang='lat' dir='ltr'>saltem</span> <span class='ocrx_word' id='word_1_130' title='bbox 1325 2189 1357 2224; x_wconf 86' lang='lat' dir='ltr'>ex</span> <span class='ocrx_word' id='word_1_131' title='bbox 1379 2181 1416 2224; x_wconf 88' lang='lat' dir='ltr'>tot</span> <span class='ocrx_word' id='word_1_132' title='bbox 1438 2177 1500 2224; x_wconf 90' lang='lat' dir='ltr'>mili·</span> 
     </span>
    </p>
   </div>
   <div class='ocr_carea' id='block_1_5' title="bbox 361 2251 915 4376">
    <p class='ocr_par' dir='ltr' id='par_1_6' title="bbox 368 2251 915 2478">
     <span class='ocr_line' id='line_1_17' title="bbox 373 2251 915 2319; baseline 0.018 -21"><span class='ocrx_word' id='word_1_133' title='bbox 373 2251 456 2313; x_wconf 85' lang='lat' dir='ltr'>ignem</span> <span class='ocrx_word' id='word_1_134' title='bbox 473 2268 502 2301; x_wconf 93' lang='lat' dir='ltr'>eo</span> <span class='ocrx_word' id='word_1_135' title='bbox 518 2256 604 2314; x_wconf 90' lang='lat' dir='ltr'>modo,</span> <span class='ocrx_word' id='word_1_136' title='bbox 621 2271 670 2319; x_wconf 92' lang='lat' dir='ltr'>quo</span> <span class='ocrx_word' id='word_1_137' title='bbox 680 2265 801 2307; x_wconf 89' lang='lat' dir='ltr'>scmtatus</span> <span class='ocrx_word' id='word_1_138' title='bbox 813 2267 850 2308; x_wconf 90' lang='lat' dir='ltr'>est</span> <span class='ocrx_word' id='word_1_139' title='bbox 861 2261 915 2310; x_wconf 89' lang='lat' dir='ltr'>Ma·</span> 
     </span>
     <span class='ocr_line' id='line_1_18' title="bbox 373 2331 915 2402; baseline 0.022 -25"><span class='ocrx_word' id='word_1_140' title='bbox 373 2331 438 2390; x_wconf 91' lang='lat' dir='ltr'>rius,</span> <span class='ocrx_word' id='word_1_141' title='bbox 452 2346 507 2380; x_wconf 91' lang='lat' dir='ltr'>cum</span> <span class='ocrx_word' id='word_1_142' title='bbox 524 2349 551 2382; x_wconf 89' lang='lat' dir='ltr'>se</span> <span class='ocrx_word' id='word_1_143' title='bbox 568 2335 672 2386; x_wconf 78' lang='lat' dir='ltr'>Hellade</span> <span class='ocrx_word' id='word_1_144' title='bbox 693 2353 808 2400; x_wconf 86' lang='lat' dir='ltr'>percussa</span> <span class='ocrx_word' id='word_1_145' title='bbox 824 2341 915 2402; x_wconf 86' lang='lat' dir='ltr'>praeci-</span> 
     </span>
     <span class='ocr_line' id='line_1_19' title="bbox 368 2410 591 2478; baseline 0.022 -21"><span class='ocrx_word' id='word_1_146' title='bbox 368 2410 442 2478; x_wconf 86' lang='lat' dir='ltr'>pitat.</span> <span class='ocrx_word' id='word_1_147' title='bbox 477 2412 591 2462; x_wconf 87' lang='lat' dir='ltr'>Pulchre.</span> 
     </span>
    </p>

    <p class='ocr_par' dir='ltr' id='par_1_7' title="bbox 369 2489 914 3034">
     <span class='ocr_line' id='line_1_20' title="bbox 404 2489 914 2561; baseline 0.02 -25"><span class='ocrx_word' id='word_1_148' title='bbox 404 2489 556 2540; x_wconf 90' lang='lat' dir='ltr'>Doderlinus</span> <span class='ocrx_word' id='word_1_149' title='bbox 570 2501 640 2556; x_wconf 88' lang='lat' dir='ltr'>putat</span> <span class='ocrx_word' id='word_1_150' title='bbox 648 2496 771 2559; x_wconf 85' lang='lat' dir='ltr'>Vogtium</span> <span class='ocrx_word' id='word_1_151' title='bbox 782 2497 857 2546; x_wconf 82' lang='lat' dir='ltr'>fuisse</span> <span class='ocrx_word' id='word_1_152' title='bbox 866 2499 914 2561; x_wconf 90' lang='lat' dir='ltr'>pri·</span> 
     </span>
     <span class='ocr_line' id='line_1_21' title="bbox 372 2572 914 2638; baseline 0.02 -23"><span class='ocrx_word' id='word_1_153' title='bbox 372 2583 455 2626; x_wconf 88' lang='lat' dir='ltr'>mum,</span> <span class='ocrx_word' id='word_1_154' title='bbox 471 2572 513 2633; x_wconf 89' lang='lat' dir='ltr'>qui</span> <span class='ocrx_word' id='word_1_155' title='bbox 530 2580 595 2621; x_wconf 90' lang='lat' dir='ltr'>recte</span> <span class='ocrx_word' id='word_1_156' title='bbox 606 2575 781 2638; x_wconf 87' lang='lat' dir='ltr'>interpretatus</span> <span class='ocrx_word' id='word_1_157' title='bbox 793 2577 837 2625; x_wconf 90' lang='lat' dir='ltr'>sit:</span> <span class='ocrx_word' id='word_1_158' title='bbox 854 2578 914 2626; x_wconf 90' lang='lat' dir='ltr'>Per·</span> 
     </span>
     <span class='ocr_line' id='line_1_22' title="bbox 374 2648 914 2718; baseline 0.02 -23"><span class='ocrx_word' id='word_1_159' title='bbox 374 2648 453 2697; x_wconf 80' lang='lat' dir='ltr'>fodias</span> <span class='ocrx_word' id='word_1_160' title='bbox 469 2651 571 2714; x_wconf 89' lang='lat' dir='ltr'>insuper</span> <span class='ocrx_word' id='word_1_161' title='bbox 588 2654 670 2716; x_wconf 85' lang='lat' dir='ltr'>gladio</span> <span class='ocrx_word' id='word_1_162' title='bbox 686 2655 778 2718; x_wconf 83' lang='lat' dir='ltr'>ignem,</span> <span class='ocrx_word' id='word_1_163' title='bbox 796 2672 914 2717; x_wconf 88' lang='lat' dir='ltr'>amorem,</span> 
     </span>
     <span class='ocr_line' id='line_1_23' title="bbox 371 2729 914 2796; baseline 0.015 -20"><span class='ocrx_word' id='word_1_164' title='bbox 371 2729 475 2777; x_wconf 88' lang='lat' dir='ltr'>amicam</span> <span class='ocrx_word' id='word_1_165' title='bbox 493 2737 561 2779; x_wconf 90' lang='lat' dir='ltr'>tuam</span> <span class='ocrx_word' id='word_1_166' title='bbox 579 2733 670 2795; x_wconf 85' lang='lat' dir='ltr'>gladio,</span> <span class='ocrx_word' id='word_1_167' title='bbox 687 2740 715 2781; x_wconf 92' lang='lat' dir='ltr'>ut</span> <span class='ocrx_word' id='word_1_168' title='bbox 733 2734 830 2784; x_wconf 89' lang='lat' dir='ltr'>Marius</span> <span class='ocrx_word' id='word_1_169' title='bbox 848 2736 914 2796; x_wconf 87' lang='lat' dir='ltr'>fecit,</span> 
     </span>
     <span class='ocr_line' id='line_1_24' title="bbox 371 2807 913 2877; baseline 0.02 -23"><span class='ocrx_word' id='word_1_170' title='bbox 371 2807 406 2855; x_wconf 86' lang='lat' dir='ltr'>ita</span> <span class='ocrx_word' id='word_1_171' title='bbox 422 2810 510 2858; x_wconf 88' lang='lat' dir='ltr'>modus</span> <span class='ocrx_word' id='word_1_172' title='bbox 527 2810 616 2859; x_wconf 85' lang='lat' dir='ltr'>furoris</span> <span class='ocrx_word' id='word_1_173' title='bbox 633 2813 680 2861; x_wconf 88' lang='lat' dir='ltr'>erit</span> <span class='ocrx_word' id='word_1_174' title='bbox 696 2814 821 2877; x_wconf 90' lang='lat' dir='ltr'>impletus.</span> <span class='ocrx_word' id='word_1_175' title='bbox 843 2816 913 2865; x_wconf 86' lang='lat' dir='ltr'>Idem</span> 
     </span>
     <span class='ocr_line' id='line_1_25' title="bbox 370 2887 914 2958; baseline 0.02 -24"><span class='ocrx_word' id='word_1_176' title='bbox 370 2887 475 2935; x_wconf 86' lang='lat' dir='ltr'>Frankii</span> <span class='ocrx_word' id='word_1_177' title='bbox 491 2892 688 2940; x_wconf 88' lang='lat' dir='ltr'>emendationem</span> <span class='ocrx_word' id='word_1_178' title='bbox 700 2895 790 2956; x_wconf 88' lang='lat' dir='ltr'>recepit</span> <span class='ocrx_word' id='word_1_179' title='bbox 806 2897 832 2942; x_wconf 86' lang='lat' dir='ltr'>iu</span> <span class='ocrx_word' id='word_1_180' title='bbox 842 2911 914 2958; x_wconf 86' lang='lat' dir='ltr'>quem</span> 
     </span>
     <span class='ocr_line' id='line_1_26' title="bbox 369 2970 642 3034; baseline 0.015 -19"><span class='ocrx_word' id='word_1_181' title='bbox 369 2983 414 3030; x_wconf 93' lang='lat' dir='ltr'>pro</span> <span class='ocrx_word' id='word_1_182' title='bbox 431 2970 514 3032; x_wconf 87' lang='lat' dir='ltr'>inepto</span> <span class='ocrx_word' id='word_1_183' title='bbox 530 2972 642 3034; x_wconf 83' lang='lat' dir='ltr'>iuquam.</span> 
     </span>
    </p>

    <p class='ocr_par' dir='ltr' id='par_1_8' title="bbox 361 3050 913 4376">
     <span class='ocr_line' id='line_1_27' title="bbox 404 3050 912 3111; baseline 0.012 -14"><span class='ocrx_word' id='word_1_184' title='bbox 404 3050 519 3111; x_wconf 79' lang='lat' dir='ltr'>Coqaata</span> <span class='ocrx_word' id='word_1_185' title='bbox 535 3053 655 3100; x_wconf 82' lang='lat' dir='ltr'>vocabula</span> <span class='ocrx_word' id='word_1_186' title='bbox 672 3055 752 3102; x_wconf 80' lang='lat' dir='ltr'>rebus.</span> <span class='ocrx_word' id='word_1_187' title='bbox 778 3054 912 3104; x_wconf 90' lang='lat' dir='ltr'>Horkelius</span> 
     </span>
     <span class='ocr_line' id='line_1_28' title="bbox 370 3127 911 3190; baseline 0.011 -16"><span class='ocrx_word' id='word_1_188' title='bbox 370 3127 481 3190; x_wconf 83' lang='lat' dir='ltr'>legebat:</span> <span class='ocrx_word' id='word_1_189' title='bbox 499 3145 547 3178; x_wconf 83' lang='lat' dir='ltr'>uon</span> <span class='ocrx_word' id='word_1_190' title='bbox 564 3136 635 3179; x_wconf 81' lang='lat' dir='ltr'>unta.</span> <span class='ocrx_word' id='word_1_191' title='bbox 670 3131 811 3181; x_wconf 83' lang='lat' dir='ltr'>Meinekius</span> <span class='ocrx_word' id='word_1_192' title='bbox 828 3133 911 3181; x_wconf 83' lang='lat' dir='ltr'>edidit.</span> 
     </span>
     <span class='ocr_line' id='line_1_29' title="bbox 369 3207 911 3271; baseline 0.007 -15"><span class='ocrx_word' id='word_1_193' title='bbox 369 3207 468 3256; x_wconf 81' lang='lat' dir='ltr'>Rectius</span> <span class='ocrx_word' id='word_1_194' title='bbox 485 3215 545 3271; x_wconf 90' lang='lat' dir='ltr'>puto</span> <span class='ocrx_word' id='word_1_195' title='bbox 562 3216 679 3271; x_wconf 68' lang='lat' dir='ltr'>comenia,</span> <span class='ocrx_word' id='word_1_196' title='bbox 700 3211 747 3258; x_wconf 89' lang='lat' dir='ltr'>hoc</span> <span class='ocrx_word' id='word_1_197' title='bbox 763 3218 814 3270; x_wconf 85' lang='lat' dir='ltr'>est,</span> <span class='ocrx_word' id='word_1_198' title='bbox 837 3212 911 3260; x_wconf 91' lang='lat' dir='ltr'>inter·</span> 
     </span>
     <span class='ocr_line' id='line_1_30' title="bbox 368 3287 913 3352; baseline 0.009 -17"><span class='ocrx_word' id='word_1_199' title='bbox 368 3294 437 3350; x_wconf 89' lang='lat' dir='ltr'>prete</span> <span class='ocrx_word' id='word_1_200' title='bbox 455 3287 606 3344; x_wconf 80' lang='lat' dir='ltr'>Scholiasta,</span> <span class='ocrx_word' id='word_1_201' title='bbox 623 3291 725 3338; x_wconf 77' lang='lat' dir='ltr'>diuersa</span> <span class='ocrx_word' id='word_1_202' title='bbox 741 3293 852 3352; x_wconf 84' lang='lat' dir='ltr'>quidem,</span> <span class='ocrx_word' id='word_1_203' title='bbox 868 3294 913 3340; x_wconf 81' lang='lat' dir='ltr'>aed</span> 
     </span>
     <span class='ocr_line' id='line_1_31' title="bbox 368 3370 911 3420; baseline 0.007 -4"><span class='ocrx_word' id='word_1_204' title='bbox 368 3383 417 3416; x_wconf 82' lang='lat' dir='ltr'>non</span> <span class='ocrx_word' id='word_1_205' title='bbox 442 3371 550 3416; x_wconf 81' lang='lat' dir='ltr'>multum</span> <span class='ocrx_word' id='word_1_206' title='bbox 575 3370 643 3417; x_wconf 84' lang='lat' dir='ltr'>inter</span> <span class='ocrx_word' id='word_1_207' title='bbox 662 3383 690 3417; x_wconf 82' lang='lat' dir='ltr'>ae</span> <span class='ocrx_word' id='word_1_208' title='bbox 705 3371 839 3418; x_wconf 76' lang='lat' dir='ltr'>distantia.</span> <span class='ocrx_word' id='word_1_209' title='bbox 868 3371 911 3420; x_wconf 87' lang='lat' dir='ltr'>Sic</span> 
     </span>
     <span class='ocr_line' id='line_1_32' title="bbox 369 3447 911 3510; baseline 0.009 -15"><span class='ocrx_word' id='word_1_210' title='bbox 369 3454 404 3496; x_wconf 87' lang='lat' dir='ltr'>est</span> <span class='ocrx_word' id='word_1_211' title='bbox 421 3448 571 3496; x_wconf 89' lang='lat' dir='ltr'>consuetudo</span> <span class='ocrx_word' id='word_1_212' title='bbox 581 3447 700 3510; x_wconf 85' lang='lat' dir='ltr'>vulgaris.</span> <span class='ocrx_word' id='word_1_213' title='bbox 734 3449 805 3498; x_wconf 83' lang='lat' dir='ltr'>Bene</span> <span class='ocrx_word' id='word_1_214' title='bbox 819 3466 911 3500; x_wconf 83' lang='lat' dir='ltr'>anuum</span> 
     </span>
     <span class='ocr_line' id='line_1_33' title="bbox 368 3527 910 3590; baseline 0.007 -14"><span class='ocrx_word' id='word_1_215' title='bbox 368 3542 396 3576; x_wconf 90' lang='lat' dir='ltr'>ac</span> <span class='ocrx_word' id='word_1_216' title='bbox 416 3543 468 3577; x_wconf 90' lang='lat' dir='ltr'>non</span> <span class='ocrx_word' id='word_1_217' title='bbox 489 3527 614 3576; x_wconf 88' lang='lat' dir='ltr'>incautum</span> <span class='ocrx_word' id='word_1_218' title='bbox 637 3534 708 3576; x_wconf 90' lang='lat' dir='ltr'>vocat</span> <span class='ocrx_word' id='word_1_219' title='bbox 721 3528 815 3590; x_wconf 81' lang='lat' dir='ltr'>fictum</span> <span class='ocrx_word' id='word_1_220' title='bbox 831 3536 856 3578; x_wconf 88' lang='lat' dir='ltr'>et</span> <span class='ocrx_word' id='word_1_221' title='bbox 873 3546 910 3580; x_wconf 88' lang='lat' dir='ltr'>as-</span> 
     </span>
     <span class='ocr_line' id='line_1_34' title="bbox 368 3607 909 3671; baseline 0 -15"><span class='ocrx_word' id='word_1_222' title='bbox 368 3615 463 3666; x_wconf 89' lang='lat' dir='ltr'>tutum,</span> <span class='ocrx_word' id='word_1_223' title='bbox 480 3617 509 3656; x_wconf 90' lang='lat' dir='ltr'>ut</span> <span class='ocrx_word' id='word_1_224' title='bbox 526 3607 600 3657; x_wconf 88' lang='lat' dir='ltr'>Satir.</span> <span class='ocrx_word' id='word_1_225' title='bbox 617 3607 638 3655; x_wconf 94' lang='lat' dir='ltr'>I.</span> <span class='ocrx_word' id='word_1_226' title='bbox 656 3621 695 3655; x_wconf 88' lang='lat'>111.</span> <span class='ocrx_word' id='word_1_227' title='bbox 712 3608 751 3655; x_wconf 86' lang='grc'>61.</span> <span class='ocrx_word' id='word_1_228' title='bbox 774 3609 909 3671; x_wconf 75' lang='lat' dir='ltr'>simplicem</span> 
     </span>
     <span class='ocr_line' id='line_1_35' title="bbox 368 3689 909 3737; baseline 0.002 -2"><span class='ocrx_word' id='word_1_229' title='bbox 368 3695 438 3736; x_wconf 82' lang='lat' dir='ltr'>vocat</span> <span class='ocrx_word' id='word_1_230' title='bbox 458 3703 532 3736; x_wconf 80' lang='lat' dir='ltr'>sensu</span> <span class='ocrx_word' id='word_1_231' title='bbox 557 3689 682 3736; x_wconf 83' lang='lat' dir='ltr'>communi</span> <span class='ocrx_word' id='word_1_232' title='bbox 706 3693 839 3737; x_wconf 83' lang='lat' dir='ltr'>carentem.</span> <span class='ocrx_word' id='word_1_233' title='bbox 877 3689 909 3737; x_wconf 92' lang='lat' dir='ltr'>In</span> 
     </span>
     <span class='ocr_line' id='line_1_36' title="bbox 367 3766 909 3831; baseline 0.002 -15"><span class='ocrx_word' id='word_1_234' title='bbox 367 3768 479 3817; x_wconf 87' lang='lat' dir='ltr'>omnibus</span> <span class='ocrx_word' id='word_1_235' title='bbox 501 3768 553 3816; x_wconf 85' lang='lat' dir='ltr'>istis</span> <span class='ocrx_word' id='word_1_236' title='bbox 574 3767 682 3815; x_wconf 87' lang='lat' dir='ltr'>cernitur</span> <span class='ocrx_word' id='word_1_237' title='bbox 707 3766 808 3831; x_wconf 84' lang='lat' dir='ltr'>aliquod</span> <span class='ocrx_word' id='word_1_238' title='bbox 825 3769 909 3817; x_wconf 90' lang='lat' dir='ltr'>vincu-</span> 
     </span>
     <span class='ocr_line' id='line_1_37' title="bbox 367 3846 909 3912; baseline 0.002 -18"><span class='ocrx_word' id='word_1_239' title='bbox 367 3847 432 3905; x_wconf 89' lang='lat' dir='ltr'>lum,</span> <span class='ocrx_word' id='word_1_240' title='bbox 443 3848 571 3912; x_wconf 86' lang='lat' dir='ltr'>cognatio,</span> <span class='ocrx_word' id='word_1_241' title='bbox 581 3853 640 3895; x_wconf 89' lang='lat' dir='ltr'>sunt</span> <span class='ocrx_word' id='word_1_242' title='bbox 651 3846 746 3906; x_wconf 86' lang='lat' dir='ltr'>vicina,</span> <span class='ocrx_word' id='word_1_243' title='bbox 757 3850 909 3911; x_wconf 78' lang='lat' dir='ltr'>propinqua,</span> 
     </span>
     <span class='ocr_line' id='line_1_38' title="bbox 361 3926 908 3990; baseline -0.002 -13"><span class='ocrx_word' id='word_1_244' title='bbox 361 3928 491 3990; x_wconf 79' lang='lat' dir='ltr'>finitimo,</span> <span class='ocrx_word' id='word_1_245' title='bbox 528 3930 658 3990; x_wconf 72' lang='lat' dir='ltr'>apposita,</span> <span class='ocrx_word' id='word_1_246' title='bbox 691 3933 719 3975; x_wconf 92' lang='lat' dir='ltr'>ut</span> <span class='ocrx_word' id='word_1_247' title='bbox 746 3926 908 3989; x_wconf 83' lang='lat' dir='ltr'>appellantur.</span> 
     </span>
     <span class='ocr_line' id='line_1_39' title="bbox 367 4005 908 4068; baseline -0.002 -13"><span class='ocrx_word' id='word_1_248' title='bbox 367 4005 471 4067; x_wconf 85' lang='lat' dir='ltr'>Quintil.</span> <span class='ocrx_word' id='word_1_249' title='bbox 484 4006 604 4055; x_wconf 80' lang='lat' dir='ltr'>11.x11.4</span> <span class='ocrx_word' id='word_1_250' title='bbox 629 4007 680 4054; x_wconf 85' lang='lat' dir='ltr'>Eat</span> <span class='ocrx_word' id='word_1_251' title='bbox 694 4008 816 4068; x_wconf 81' lang='lat' dir='ltr'>quaedam</span> <span class='ocrx_word' id='word_1_252' title='bbox 827 4009 908 4055; x_wconf 76' lang='lat' dir='ltr'>airin-</span> 
     </span>
     <span class='ocr_line' id='line_1_40' title="bbox 368 4086 908 4149; baseline 0.006 -17"><span class='ocrx_word' id='word_1_253' title='bbox 368 4092 421 4134; x_wconf 82' lang='lat' dir='ltr'>tum</span> <span class='ocrx_word' id='word_1_254' title='bbox 439 4088 606 4149; x_wconf 83' lang='lat' dir='ltr'>vitiorumque</span> <span class='ocrx_word' id='word_1_255' title='bbox 621 4087 727 4145; x_wconf 44' lang='lat' dir='ltr'>uicinia</span> <span class='ocrx_word' id='word_1_256' title='bbox 743 4102 794 4149; x_wconf 85' lang='lat' dir='ltr'>qua</span> <span class='ocrx_word' id='word_1_257' title='bbox 809 4086 908 4135; x_wconf 87' lang='lat' dir='ltr'>maledi·</span> 
     </span>
     <span class='ocr_line' id='line_1_41' title="bbox 367 4165 908 4230; baseline 0.007 -18"><span class='ocrx_word' id='word_1_258' title='bbox 367 4178 408 4212; x_wconf 88' lang='lat' dir='ltr'>cus</span> <span class='ocrx_word' id='word_1_259' title='bbox 428 4180 478 4228; x_wconf 83' lang='lat' dir='ltr'>pro</span> <span class='ocrx_word' id='word_1_260' title='bbox 493 4165 583 4223; x_wconf 88' lang='lat' dir='ltr'>libero,</span> <span class='ocrx_word' id='word_1_261' title='bbox 607 4168 753 4215; x_wconf 86' lang='lat' dir='ltr'>temerarius</span> <span class='ocrx_word' id='word_1_262' title='bbox 773 4184 822 4230; x_wconf 87' lang='lat' dir='ltr'>pro</span> <span class='ocrx_word' id='word_1_263' title='bbox 838 4167 908 4226; x_wconf 87' lang='lat' dir='ltr'>forti,</span> 
     </span>
     <span class='ocr_line' id='line_1_42' title="bbox 367 4243 909 4308; baseline 0.009 -17"><span class='ocrx_word' id='word_1_264' title='bbox 367 4243 458 4292; x_wconf 85' lang='lat' dir='ltr'>effusus</span> <span class='ocrx_word' id='word_1_265' title='bbox 482 4258 528 4307; x_wconf 84' lang='lat' dir='ltr'>pro</span> <span class='ocrx_word' id='word_1_266' title='bbox 550 4245 645 4307; x_wconf 91' lang='lat' dir='ltr'>copioso</span> <span class='ocrx_word' id='word_1_267' title='bbox 670 4248 802 4308; x_wconf 75' lang='lat' dir='ltr'>accipitur.</span> <span class='ocrx_word' id='word_1_268' title='bbox 835 4248 909 4296; x_wconf 88' lang='lat' dir='ltr'>Talia</span> 
     </span>
     <span class='ocr_line' id='line_1_43' title="bbox 367 4323 909 4376; baseline 0.007 -4"><span class='ocrx_word' id='word_1_269' title='bbox 367 4323 445 4372; x_wconf 89' lang='lat' dir='ltr'>multa</span> <span class='ocrx_word' id='word_1_270' title='bbox 470 4323 689 4374; x_wconf 69' lang='lat' dir='ltr'>etruscorum</span> <span class='ocrx_word' id='word_1_271' title='bbox 707 4325 808 4375; x_wconf 86' lang='lat' dir='ltr'>Sallust.</span> <span class='ocrx_word' id='word_1_272' title='bbox 834 4326 909 4376; x_wconf 86' lang='lat' dir='ltr'>Catil.</span> 
     </span>
    </p>
   </div>
   <div class='ocr_carea' id='block_1_6' title="bbox 950 2254 1501 4389">
    <p class='ocr_par' dir='ltr' id='par_1_9' title="bbox 950 2254 1501 4389">
     <span class='ocr_line' id='line_1_44' title="bbox 956 2254 1501 2319; baseline 0 -15"><span class='ocrx_word' id='word_1_273' title='bbox 956 2256 1002 2305; x_wconf 89' lang='lat' dir='ltr'>bus</span> <span class='ocrx_word' id='word_1_274' title='bbox 1018 2258 1094 2306; x_wconf 88' lang='lat' dir='ltr'>morti</span> <span class='ocrx_word' id='word_1_275' title='bbox 1110 2255 1225 2319; x_wconf 86' lang='lat' dir='ltr'>eripiatis.</span> <span class='ocrx_word' id='word_1_276' title='bbox 1242 2254 1321 2304; x_wconf 85' lang='lat' dir='ltr'>Vobis</span> <span class='ocrx_word' id='word_1_277' title='bbox 1338 2263 1416 2315; x_wconf 87' lang='lat' dir='ltr'>certe,</span> <span class='ocrx_word' id='word_1_278' title='bbox 1433 2256 1501 2312; x_wconf 88' lang='lat' dir='ltr'>oDi,</span> 
     </span>
     <span class='ocr_line' id='line_1_45' title="bbox 957 2334 1501 2384; baseline 0.002 -1"><span class='ocrx_word' id='word_1_279' title='bbox 957 2334 1003 2384; x_wconf 88' lang='lat' dir='ltr'>hoc</span> <span class='ocrx_word' id='word_1_280' title='bbox 1019 2336 1084 2384; x_wconf 87' lang='lat' dir='ltr'>factu</span> <span class='ocrx_word' id='word_1_281' title='bbox 1101 2335 1245 2384; x_wconf 84' lang='lat' dir='ltr'>facillimum</span> <span class='ocrx_word' id='word_1_282' title='bbox 1262 2342 1306 2384; x_wconf 85' lang='lat' dir='ltr'>est.</span> <span class='ocrx_word' id='word_1_283' title='bbox 1324 2335 1400 2384; x_wconf 81' lang='lat' dir='ltr'>Recte</span> <span class='ocrx_word' id='word_1_284' title='bbox 1417 2342 1501 2384; x_wconf 87' lang='lat' dir='ltr'>autem</span> 
     </span>
     <span class='ocr_line' id='line_1_46' title="bbox 957 2413 1500 2472; baseline 0 -9"><span class='ocrx_word' id='word_1_285' title='bbox 957 2413 1081 2463; x_wconf 87' lang='lat' dir='ltr'>Gesnerus</span> <span class='ocrx_word' id='word_1_286' title='bbox 1099 2413 1279 2472; x_wconf 88' lang='lat' dir='ltr'>animadvertit,</span> <span class='ocrx_word' id='word_1_287' title='bbox 1289 2413 1438 2463; x_wconf 84' lang='lat' dir='ltr'>sententiam</span> <span class='ocrx_word' id='word_1_288' title='bbox 1446 2430 1500 2463; x_wconf 91' lang='lat' dir='ltr'>mu·</span> 
     </span>
     <span class='ocr_line' id='line_1_47' title="bbox 956 2493 1500 2561; baseline 0.007 -21"><span class='ocrx_word' id='word_1_289' title='bbox 956 2507 1003 2541; x_wconf 91' lang='lat' dir='ltr'>nus</span> <span class='ocrx_word' id='word_1_290' title='bbox 1019 2493 1176 2561; x_wconf 78' lang='lat' dir='ltr'>extenuantis</span> <span class='ocrx_word' id='word_1_291' title='bbox 1202 2493 1252 2541; x_wconf 90' lang='lat' dir='ltr'>iam</span> <span class='ocrx_word' id='word_1_292' title='bbox 1273 2493 1354 2541; x_wconf 90' lang='lat' dir='ltr'>inesse</span> <span class='ocrx_word' id='word_1_293' title='bbox 1375 2493 1402 2541; x_wconf 90' lang='lat' dir='ltr'>in</span> <span class='ocrx_word' id='word_1_294' title='bbox 1419 2494 1500 2544; x_wconf 87' lang='lat' dir='ltr'>verbis</span> 
     </span>
     <span class='ocr_line' id='line_1_48' title="bbox 956 2572 1500 2637; baseline 0.004 -16"><span class='ocrx_word' id='word_1_295' title='bbox 956 2572 1009 2622; x_wconf 81' lang='lat' dir='ltr'>Dis</span> <span class='ocrx_word' id='word_1_296' title='bbox 1025 2576 1115 2622; x_wconf 79' lang='lat' dir='ltr'>etenim</span> <span class='ocrx_word' id='word_1_297' title='bbox 1126 2573 1208 2635; x_wconf 80' lang='lat' dir='ltr'>serila</span> <span class='ocrx_word' id='word_1_298' title='bbox 1220 2578 1270 2622; x_wconf 80' lang='lat' dir='ltr'>est:</span> <span class='ocrx_word' id='word_1_299' title='bbox 1288 2587 1367 2637; x_wconf 90' lang='lat' dir='ltr'>neque</span> <span class='ocrx_word' id='word_1_300' title='bbox 1380 2574 1500 2623; x_wconf 80' lang='lat' dir='ltr'>Flaccum</span> 
     </span>
     <span class='ocr_line' id='line_1_49' title="bbox 955 2651 1501 2715; baseline 0.007 -16"><span class='ocrx_word' id='word_1_301' title='bbox 955 2665 1008 2700; x_wconf 85' lang='lat' dir='ltr'>esse</span> <span class='ocrx_word' id='word_1_302' title='bbox 1024 2666 1153 2715; x_wconf 82' lang='lat' dir='ltr'>nugacem.</span> <span class='ocrx_word' id='word_1_303' title='bbox 1186 2652 1321 2700; x_wconf 88' lang='lat' dir='ltr'>Praeterea</span> <span class='ocrx_word' id='word_1_304' title='bbox 1339 2651 1400 2700; x_wconf 90' lang='lat' dir='ltr'>illud</span> <span class='ocrx_word' id='word_1_305' title='bbox 1417 2656 1447 2702; x_wconf 83' lang='lat' dir='ltr'>de</span> <span class='ocrx_word' id='word_1_306' title='bbox 1464 2659 1501 2703; x_wconf 84' lang='lat' dir='ltr'>tot</span> 
     </span>
     <span class='ocr_line' id='line_1_50' title="bbox 955 2729 1500 2794; baseline 0.007 -18"><span class='ocrx_word' id='word_1_307' title='bbox 955 2732 1070 2790; x_wconf 80' lang='lat' dir='ltr'>milibus,</span> <span class='ocrx_word' id='word_1_308' title='bbox 1102 2731 1167 2794; x_wconf 90' lang='lat' dir='ltr'>qnod</span> <span class='ocrx_word' id='word_1_309' title='bbox 1200 2729 1327 2779; x_wconf 89' lang='lat' dir='ltr'>Bentleius</span> <span class='ocrx_word' id='word_1_310' title='bbox 1362 2731 1500 2794; x_wconf 85' lang='lat' dir='ltr'>explicandi</span> 
     </span>
     <span class='ocr_line' id='line_1_51' title="bbox 953 2809 1500 2875; baseline 0.005 -17"><span class='ocrx_word' id='word_1_311' title='bbox 953 2823 1041 2858; x_wconf 86' lang='lat' dir='ltr'>caussa</span> <span class='ocrx_word' id='word_1_312' title='bbox 1057 2811 1168 2873; x_wconf 89' lang='lat' dir='ltr'>apponit,</span> <span class='ocrx_word' id='word_1_313' title='bbox 1189 2809 1277 2858; x_wconf 91' lang='lat' dir='ltr'>melius</span> <span class='ocrx_word' id='word_1_314' title='bbox 1298 2810 1329 2858; x_wconf 89' lang='lat' dir='ltr'>ab</span> <span class='ocrx_word' id='word_1_315' title='bbox 1350 2812 1403 2874; x_wconf 91' lang='lat' dir='ltr'>ipso</span> <span class='ocrx_word' id='word_1_316' title='bbox 1427 2813 1500 2875; x_wconf 79' lang='lat' dir='ltr'>poita</span> 
     </span>
     <span class='ocr_line' id='line_1_52' title="bbox 953 2891 1494 2955; baseline 0.004 -17"><span class='ocrx_word' id='word_1_317' title='bbox 953 2899 1017 2938; x_wconf 88' lang='lat' dir='ltr'>esset</span> <span class='ocrx_word' id='word_1_318' title='bbox 1034 2892 1158 2940; x_wconf 85' lang='lat' dir='ltr'>additum:</span> <span class='ocrx_word' id='word_1_319' title='bbox 1171 2904 1237 2939; x_wconf 91' lang='lat' dir='ltr'>nunc</span> <span class='ocrx_word' id='word_1_320' title='bbox 1253 2905 1304 2938; x_wconf 92' lang='lat' dir='ltr'>non</span> <span class='ocrx_word' id='word_1_321' title='bbox 1320 2892 1374 2940; x_wconf 87' lang='lat' dir='ltr'>sine</span> <span class='ocrx_word' id='word_1_322' title='bbox 1390 2891 1416 2940; x_wconf 85' lang='lat' dir='ltr'>ri</span> <span class='ocrx_word' id='word_1_323' title='bbox 1433 2907 1494 2955; x_wconf 89' lang='lat' dir='ltr'>qua-</span> 
     </span>
     <span class='ocr_line' id='line_1_53' title="bbox 954 2969 1499 3036; baseline 0.009 -19"><span class='ocrx_word' id='word_1_324' title='bbox 954 2969 1011 3017; x_wconf 92' lang='lat' dir='ltr'>dam</span> <span class='ocrx_word' id='word_1_325' title='bbox 1028 2985 1060 3018; x_wconf 86' lang='lat' dir='ltr'>ex</span> <span class='ocrx_word' id='word_1_326' title='bbox 1077 2985 1151 3019; x_wconf 89' lang='lat' dir='ltr'>versu</span> <span class='ocrx_word' id='word_1_327' title='bbox 1168 2978 1302 3034; x_wconf 86' lang='lat' dir='ltr'>torquetur.</span> <span class='ocrx_word' id='word_1_328' title='bbox 1320 2974 1422 3022; x_wconf 75' lang='lat' dir='ltr'>Addaia</span> <span class='ocrx_word' id='word_1_329' title='bbox 1439 2988 1499 3036; x_wconf 91' lang='lat' dir='ltr'>quo·</span> 
     </span>
     <span class='ocr_line' id='line_1_54' title="bbox 953 3050 1497 3115; baseline 0.009 -18"><span class='ocrx_word' id='word_1_330' title='bbox 953 3063 1000 3112; x_wconf 88' lang='lat' dir='ltr'>que</span> <span class='ocrx_word' id='word_1_331' title='bbox 1016 3050 1221 3113; x_wconf 88' lang='lat' dir='ltr'>significationem</span> <span class='ocrx_word' id='word_1_332' title='bbox 1244 3051 1318 3100; x_wconf 91' lang='lat' dir='ltr'>habet</span> <span class='ocrx_word' id='word_1_333' title='bbox 1333 3067 1423 3115; x_wconf 90' lang='lat' dir='ltr'>parum</span> <span class='ocrx_word' id='word_1_334' title='bbox 1446 3068 1497 3102; x_wconf 90' lang='lat' dir='ltr'>cer-</span> 
     </span>
     <span class='ocr_line' id='line_1_55' title="bbox 952 3131 1497 3194; baseline 0.009 -18"><span class='ocrx_word' id='word_1_335' title='bbox 952 3135 1011 3187; x_wconf 86' lang='lat' dir='ltr'>tam,</span> <span class='ocrx_word' id='word_1_336' title='bbox 1029 3131 1166 3194; x_wconf 83' lang='lat' dir='ltr'>rectiusque</span> <span class='ocrx_word' id='word_1_337' title='bbox 1177 3132 1321 3180; x_wconf 80' lang='lat' dir='ltr'>conveniret</span> <span class='ocrx_word' id='word_1_338' title='bbox 1333 3132 1404 3181; x_wconf 89' lang='lat' dir='ltr'>alteri</span> <span class='ocrx_word' id='word_1_339' title='bbox 1414 3132 1497 3181; x_wconf 90' lang='lat' dir='ltr'>lectio·</span> 
     </span>
     <span class='ocr_line' id='line_1_56' title="bbox 952 3208 1497 3274; baseline 0.009 -19"><span class='ocrx_word' id='word_1_340' title='bbox 952 3208 978 3255; x_wconf 92' lang='lat' dir='ltr'>ni</span> <span class='ocrx_word' id='word_1_341' title='bbox 999 3210 1127 3268; x_wconf 79' lang='lat' dir='ltr'>Quiritium</span> <span class='ocrx_word' id='word_1_342' title='bbox 1148 3227 1266 3274; x_wconf 72' lang='lat' dir='ltr'>troytium</span> <span class='ocrx_word' id='word_1_343' title='bbox 1288 3213 1390 3260; x_wconf 78' lang='lat' dir='ltr'>addens.</span> <span class='ocrx_word' id='word_1_344' title='bbox 1424 3211 1497 3273; x_wconf 81' lang='lat' dir='ltr'>Quod</span> 
     </span>
     <span class='ocr_line' id='line_1_57' title="bbox 952 3287 1497 3354; baseline 0.011 -20"><span class='ocrx_word' id='word_1_345' title='bbox 952 3287 1033 3349; x_wconf 90' lang='lat' dir='ltr'>ipsum</span> <span class='ocrx_word' id='word_1_346' title='bbox 1050 3295 1132 3337; x_wconf 87' lang='lat' dir='ltr'>tamen</span> <span class='ocrx_word' id='word_1_347' title='bbox 1149 3292 1272 3352; x_wconf 92' lang='lat' dir='ltr'>quomodo</span> <span class='ocrx_word' id='word_1_348' title='bbox 1294 3298 1358 3339; x_wconf 86' lang='lat' dir='ltr'>esset</span> <span class='ocrx_word' id='word_1_349' title='bbox 1379 3292 1497 3354; x_wconf 87' lang='lat' dir='ltr'>accipien-</span> 
     </span>
     <span class='ocr_line' id='line_1_58' title="bbox 952 3366 1499 3431; baseline 0.011 -18"><span class='ocrx_word' id='word_1_350' title='bbox 952 3366 1019 3425; x_wconf 90' lang='lat' dir='ltr'>dum,</span> <span class='ocrx_word' id='word_1_351' title='bbox 1036 3381 1118 3431; x_wconf 25' lang='lat' dir='ltr'>nemo·</span> <span class='ocrx_word' id='word_1_352' title='bbox 1131 3370 1287 3418; x_wconf 86' lang='lat' dir='ltr'>divinaverit.</span> <span class='ocrx_word' id='word_1_353' title='bbox 1321 3369 1391 3431; x_wconf 82' lang='lat' dir='ltr'>Ergo</span> <span class='ocrx_word' id='word_1_354' title='bbox 1412 3372 1443 3418; x_wconf 91' lang='lat' dir='ltr'>ad</span> <span class='ocrx_word' id='word_1_355' title='bbox 1460 3385 1499 3420; x_wconf 85' lang='lat' dir='ltr'>so-</span> 
     </span>
     <span class='ocr_line' id='line_1_59' title="bbox 951 3445 1496 3509; baseline 0.007 -15"><span class='ocrx_word' id='word_1_356' title='bbox 951 3445 1057 3495; x_wconf 90' lang='lat' dir='ltr'>lemnem</span> <span class='ocrx_word' id='word_1_357' title='bbox 1067 3447 1175 3509; x_wconf 85' lang='lat' dir='ltr'>aliquam</span> <span class='ocrx_word' id='word_1_358' title='bbox 1188 3449 1392 3507; x_wconf 87' lang='lat' dir='ltr'>exsecrationem,</span> <span class='ocrx_word' id='word_1_359' title='bbox 1405 3448 1496 3499; x_wconf 85' lang='lat' dir='ltr'>formu·</span> 
     </span>
     <span class='ocr_line' id='line_1_60' title="bbox 950 3527 1497 3592; baseline 0.005 -17"><span class='ocrx_word' id='word_1_360' title='bbox 950 3527 1000 3586; x_wconf 89' lang='lat' dir='ltr'>las,</span> <span class='ocrx_word' id='word_1_361' title='bbox 1017 3529 1118 3575; x_wconf 93' lang='lat' dir='ltr'>nomina</span> <span class='ocrx_word' id='word_1_362' title='bbox 1135 3528 1260 3585; x_wconf 90' lang='lat' dir='ltr'>Deorum,</span> <span class='ocrx_word' id='word_1_363' title='bbox 1277 3527 1324 3575; x_wconf 87' lang='lat' dir='ltr'>aha</span> <span class='ocrx_word' id='word_1_364' title='bbox 1341 3527 1497 3592; x_wconf 80' lang='lat' dir='ltr'>confugiunt.</span> 
     </span>
     <span class='ocr_line' id='line_1_61' title="bbox 951 3606 1496 3671; baseline 0.006 -15"><span class='ocrx_word' id='word_1_365' title='bbox 951 3606 1070 3656; x_wconf 85' lang='lat' dir='ltr'>Coniicio:</span> <span class='ocrx_word' id='word_1_366' title='bbox 1097 3624 1186 3669; x_wconf 82' lang='lat' dir='ltr'>unum,</span> <span class='ocrx_word' id='word_1_367' title='bbox 1221 3607 1272 3656; x_wconf 79' lang='lat' dir='ltr'>Dis</span> <span class='ocrx_word' id='word_1_368' title='bbox 1297 3608 1388 3656; x_wconf 82' lang='lat' dir='ltr'>etenim</span> <span class='ocrx_word' id='word_1_369' title='bbox 1412 3608 1496 3671; x_wconf 82' lang='lat' dir='ltr'>facile</span> 
     </span>
     <span class='ocr_line' id='line_1_62' title="bbox 951 3686 1495 3750; baseline 0.006 -15"><span class='ocrx_word' id='word_1_370' title='bbox 951 3692 996 3745; x_wconf 84' lang='lat' dir='ltr'>eat,</span> <span class='ocrx_word' id='word_1_371' title='bbox 1013 3703 1100 3745; x_wconf 83' lang='lat' dir='ltr'>unum,</span> <span class='ocrx_word' id='word_1_372' title='bbox 1116 3700 1156 3736; x_wconf 90' lang='lat' dir='ltr'>me</span> <span class='ocrx_word' id='word_1_373' title='bbox 1173 3687 1267 3750; x_wconf 89' lang='lat' dir='ltr'>surpite</span> <span class='ocrx_word' id='word_1_374' title='bbox 1276 3687 1359 3745; x_wconf 89' lang='lat' dir='ltr'>morti,</span> <span class='ocrx_word' id='word_1_375' title='bbox 1383 3686 1432 3736; x_wconf 84' lang='lat' dir='ltr'>Cui</span> <span class='ocrx_word' id='word_1_376' title='bbox 1442 3696 1495 3738; x_wconf 90' lang='lat' dir='ltr'>tam</span> 
     </span>
     <span class='ocr_line' id='line_1_63' title="bbox 950 3767 1494 3830; baseline 0.006 -15"><span class='ocrx_word' id='word_1_377' title='bbox 950 3781 1083 3830; x_wconf 87' lang='lat' dir='ltr'>magnum,</span> <span class='ocrx_word' id='word_1_378' title='bbox 1094 3769 1193 3824; x_wconf 80' lang='lat' dir='ltr'>addens,</span> <span class='ocrx_word' id='word_1_379' title='bbox 1202 3770 1298 3816; x_wconf 83' lang='lat' dir='ltr'>orabat.</span> <span class='ocrx_word' id='word_1_380' title='bbox 1315 3767 1397 3816; x_wconf 88' lang='lat' dir='ltr'>Senex</span> <span class='ocrx_word' id='word_1_381' title='bbox 1408 3783 1494 3827; x_wconf 89' lang='lat' dir='ltr'>unum,</span> 
     </span>
     <span class='ocr_line' id='line_1_64' title="bbox 950 3846 1494 3910; baseline 0.009 -16"><span class='ocrx_word' id='word_1_382' title='bbox 950 3861 1029 3896; x_wconf 91' lang='lat' dir='ltr'>unum</span> <span class='ocrx_word' id='word_1_383' title='bbox 1045 3847 1200 3905; x_wconf 79' lang='lat' dir='ltr'>honorabat,</span> <span class='ocrx_word' id='word_1_384' title='bbox 1217 3847 1283 3910; x_wconf 89' lang='lat' dir='ltr'>quod</span> <span class='ocrx_word' id='word_1_385' title='bbox 1299 3846 1356 3895; x_wconf 89' lang='lat' dir='ltr'>Diis</span> <span class='ocrx_word' id='word_1_386' title='bbox 1374 3855 1437 3898; x_wconf 88' lang='lat' dir='ltr'>esset</span> <span class='ocrx_word' id='word_1_387' title='bbox 1460 3849 1494 3898; x_wconf 87' lang='lat' dir='ltr'>fa·</span> 
     </span>
     <span class='ocr_line' id='line_1_65' title="bbox 950 3925 1494 3990; baseline 0.007 -16"><span class='ocrx_word' id='word_1_388' title='bbox 950 3925 1002 3986; x_wconf 81' lang='lat' dir='ltr'>sile,</span> <span class='ocrx_word' id='word_1_389' title='bbox 1019 3943 1057 3975; x_wconf 86' lang='lat' dir='ltr'>me</span> <span class='ocrx_word' id='word_1_390' title='bbox 1077 3929 1201 3990; x_wconf 84' lang='lat' dir='ltr'>surripite</span> <span class='ocrx_word' id='word_1_391' title='bbox 1218 3929 1307 3976; x_wconf 77' lang='lat' dir='ltr'>neorii:</span> <span class='ocrx_word' id='word_1_392' title='bbox 1331 3934 1355 3976; x_wconf 93' lang='lat' dir='ltr'>et</span> <span class='ocrx_word' id='word_1_393' title='bbox 1376 3929 1494 3988; x_wconf 87' lang='lat' dir='ltr'>addebat,</span> 
     </span>
     <span class='ocr_line' id='line_1_66' title="bbox 950 4007 1496 4069; baseline 0.005 -15"><span class='ocrx_word' id='word_1_394' title='bbox 950 4009 993 4054; x_wconf 84' lang='lat' dir='ltr'>cui</span> <span class='ocrx_word' id='word_1_395' title='bbox 1009 4013 1062 4056; x_wconf 79' lang='lat' dir='ltr'>tatu</span> <span class='ocrx_word' id='word_1_396' title='bbox 1080 4023 1197 4069; x_wconf 80' lang='lat' dir='ltr'>nioqnum</span> <span class='ocrx_word' id='word_1_397' title='bbox 1213 4008 1265 4055; x_wconf 83' lang='lat' dir='ltr'>sit!</span> <span class='ocrx_word' id='word_1_398' title='bbox 1294 4007 1391 4056; x_wconf 88' lang='lat' dir='ltr'>Versus</span> <span class='ocrx_word' id='word_1_399' title='bbox 1413 4009 1496 4057; x_wconf 80' lang='lat' dir='ltr'>Theo-</span> 
     </span>
     <span class='ocr_line' id='line_1_67' title="bbox 951 4086 1495 4148; baseline 0.002 -14"><span class='ocrx_word' id='word_1_400' title='bbox 951 4087 1055 4148; x_wconf 84' lang='lat' dir='ltr'>gnideus</span> <span class='ocrx_word' id='word_1_401' title='bbox 1071 4086 1177 4135; x_wconf 87' lang='lat' dir='ltr'>Horatio</span> <span class='ocrx_word' id='word_1_402' title='bbox 1194 4093 1251 4134; x_wconf 89' lang='lat' dir='ltr'>ante</span> <span class='ocrx_word' id='word_1_403' title='bbox 1267 4086 1351 4135; x_wconf 90' lang='lat' dir='ltr'>oculos</span> <span class='ocrx_word' id='word_1_404' title='bbox 1368 4087 1441 4136; x_wconf 88' lang='lat' dir='ltr'>fuisse</span> <span class='ocrx_word' id='word_1_405' title='bbox 1458 4088 1495 4135; x_wconf 91' lang='lat' dir='ltr'>vi-</span> 
     </span>
     <span class='ocr_line' id='line_1_68' title="bbox 951 4165 1495 4232; baseline 0.002 -19"><span class='ocrx_word' id='word_1_406' title='bbox 951 4166 1037 4214; x_wconf 87' lang='lat' dir='ltr'>detur:</span> <span class='ocrx_word' id='word_1_407' title='bbox 1060 4165 1161 4230; x_wconf 80' lang='grc' dir='ltr'>Ἀρτεμι</span> <span class='ocrx_word' id='word_1_408' title='bbox 1186 4166 1310 4228; x_wconf 60' lang='lat' dir='ltr'>inpedias</span> <span class='ocrx_word' id='word_1_409' title='bbox 1326 4194 1359 4202; x_wconf 97' lang='lat'><em>-</em></span> <span class='ocrx_word' id='word_1_410' title='bbox 1384 4165 1495 4232; x_wconf 81' lang='grc' dir='ltr'>Εὐχομέ-</span> 
     </span>
     <span class='ocr_line' id='line_1_69' title="bbox 951 4243 1494 4310; baseline 0 -16"><span class='ocrx_word' id='word_1_411' title='bbox 951 4263 989 4308; x_wconf 73' lang='lat' dir='ltr'>uqi</span> <span class='ocrx_word' id='word_1_412' title='bbox 1005 4264 1048 4310; x_wconf 86' lang='grc' dir='ltr'>μοι</span> <span class='ocrx_word' id='word_1_413' title='bbox 1074 4245 1163 4305; x_wconf 63' lang='grc' dir='ltr'>κλῦθι,</span> <span class='ocrx_word' id='word_1_414' title='bbox 1189 4247 1270 4302; x_wconf 80' lang='grc' dir='ltr'><em>κακὰς</em></span> <span class='ocrx_word' id='word_1_415' title='bbox 1296 4243 1316 4293; x_wconf 84' lang='lat' dir='ltr'>d’</span> <span class='ocrx_word' id='word_1_416' title='bbox 1335 4244 1386 4294; x_wconf 84' lang='grc' dir='ltr'>ἀπὸ</span> <span class='ocrx_word' id='word_1_417' title='bbox 1416 4249 1494 4310; x_wconf 81' lang='grc' dir='ltr'><strong><em>κῆρας</em></strong></span> 
     </span>
     <span class='ocr_line' id='line_1_70' title="bbox 951 4325 1492 4389; baseline 0 -17"><span class='ocrx_word' id='word_1_418' title='bbox 951 4325 1056 4373; x_wconf 81' lang='grc' dir='ltr'>ἄλαλκε,</span> <span class='ocrx_word' id='word_1_419' title='bbox 1074 4325 1117 4373; x_wconf 82' lang='grc' dir='ltr'>Σοὶ</span> <span class='ocrx_word' id='word_1_420' title='bbox 1133 4325 1180 4387; x_wconf 81' lang='grc' dir='ltr'>μὲν</span> <span class='ocrx_word' id='word_1_421' title='bbox 1197 4325 1287 4386; x_wconf 75' lang='grc' dir='ltr'><strong>τοῦτο,</strong></span> <span class='ocrx_word' id='word_1_422' title='bbox 1300 4325 1362 4384; x_wconf 70' lang='lat' dir='ltr'>seu,</span> <span class='ocrx_word' id='word_1_423' title='bbox 1381 4325 1492 4389; x_wconf 83' lang='grc' dir='ltr'>σμικρὸν,</span> 
     </span>
    </p>
   </div>
   <div class='ocr_carea' id='block_1_7' title="bbox 368 4402 1564 4788">
    <p class='ocr_par' dir='ltr' id='par_1_10' title="bbox 368 4402 1496 4707">
     <span class='ocr_line' id='line_1_71' title="bbox 368 4402 1493 4470; baseline 0 -18"><span class='ocrx_word' id='word_1_424' title='bbox 368 4404 407 4453; x_wconf 80' lang='grc'>52.</span> <span class='ocrx_word' id='word_1_425' title='bbox 438 4403 494 4453; x_wconf 89' lang='lat' dir='ltr'>Sint</span> <span class='ocrx_word' id='word_1_426' title='bbox 514 4403 591 4466; x_wconf 89' lang='lat' dir='ltr'>igitur</span> <span class='ocrx_word' id='word_1_427' title='bbox 616 4405 738 4453; x_wconf 88' lang='lat' dir='ltr'>vocabula</span> <span class='ocrx_word' id='word_1_428' title='bbox 761 4421 812 4454; x_wconf 90' lang='lat' dir='ltr'>non</span> <span class='ocrx_word' id='word_1_429' title='bbox 837 4422 909 4465; x_wconf 88' lang='lat' dir='ltr'>vera,</span> <span class='ocrx_word' id='word_1_430' title='bbox 951 4404 1006 4470; x_wconf 77' lang='grc' dir='ltr'>ἐμοὶ</span> <span class='ocrx_word' id='word_1_431' title='bbox 1023 4403 1048 4452; x_wconf 78' lang='grc' dir='ltr'>δὲ</span> <span class='ocrx_word' id='word_1_432' title='bbox 1064 4402 1137 4469; x_wconf 76' lang='grc' dir='ltr'><strong>μέγα.</strong></span> <span class='ocrx_word' id='word_1_433' title='bbox 1165 4404 1199 4451; x_wconf 83' lang='lat' dir='ltr'>Et</span> <span class='ocrx_word' id='word_1_434' title='bbox 1209 4403 1291 4465; x_wconf 75' lang='lat' dir='ltr'>focile</span> <span class='ocrx_word' id='word_1_435' title='bbox 1311 4403 1369 4451; x_wconf 87' lang='lat' dir='ltr'>huic</span> <span class='ocrx_word' id='word_1_436' title='bbox 1385 4404 1421 4452; x_wconf 89' lang='lat' dir='ltr'>rei</span> <span class='ocrx_word' id='word_1_437' title='bbox 1437 4419 1493 4467; x_wconf 88' lang='lat' dir='ltr'>pro·</span> 
     </span>
     <span class='ocr_line' id='line_1_72' title="bbox 369 4475 1495 4547; baseline 0 -17"><span class='ocrx_word' id='word_1_438' title='bbox 369 4483 417 4531; x_wconf 84' lang='lat' dir='ltr'>siut</span> <span class='ocrx_word' id='word_1_439' title='bbox 439 4482 516 4541; x_wconf 87' lang='lat' dir='ltr'>falsa,</span> <span class='ocrx_word' id='word_1_440' title='bbox 532 4483 554 4530; x_wconf 89' lang='lat' dir='ltr'>si</span> <span class='ocrx_word' id='word_1_441' title='bbox 570 4484 685 4532; x_wconf 87' lang='lat' dir='ltr'>dicuntur</span> <span class='ocrx_word' id='word_1_442' title='bbox 702 4475 775 4534; x_wconf 75' lang='lat' dir='ltr'>rebus</span> <span class='ocrx_word' id='word_1_443' title='bbox 800 4501 849 4535; x_wconf 79' lang='lat' dir='ltr'>uon</span> <span class='ocrx_word' id='word_1_444' title='bbox 865 4503 909 4534; x_wconf 78' lang='lat' dir='ltr'>aa·</span> <span class='ocrx_word' id='word_1_445' title='bbox 951 4484 1041 4547; x_wconf 91' lang='lat' dir='ltr'>prium.</span> <span class='ocrx_word' id='word_1_446' title='bbox 1073 4484 1129 4531; x_wconf 91' lang='lat' dir='ltr'>Iam</span> <span class='ocrx_word' id='word_1_447' title='bbox 1146 4483 1282 4531; x_wconf 87' lang='lat' dir='ltr'>Homerus:</span> <span class='ocrx_word' id='word_1_448' title='bbox 1300 4481 1355 4546; x_wconf 82' lang='grc' dir='ltr'>ῥεῖα</span> <span class='ocrx_word' id='word_1_449' title='bbox 1370 4483 1418 4546; x_wconf 85' lang='grc' dir='ltr'>γὰρ</span> <span class='ocrx_word' id='word_1_450' title='bbox 1431 4482 1495 4531; x_wconf 76' lang='grc' dir='ltr'>ὥστε</span> 
     </span>
     <span class='ocr_line' id='line_1_73' title="bbox 369 4561 1496 4631; baseline 0.002 -20"><span class='ocrx_word' id='word_1_451' title='bbox 369 4569 412 4621; x_wconf 83' lang='lat' dir='ltr'>ta,</span> <span class='ocrx_word' id='word_1_452' title='bbox 438 4564 553 4612; x_wconf 90' lang='lat' dir='ltr'>viciniam</span> <span class='ocrx_word' id='word_1_453' title='bbox 575 4567 653 4628; x_wconf 79' lang='lat' dir='ltr'>magis</span> <span class='ocrx_word' id='word_1_454' title='bbox 675 4564 818 4623; x_wconf 89' lang='lat' dir='ltr'>excludunt,</span> <span class='ocrx_word' id='word_1_455' title='bbox 835 4582 909 4631; x_wconf 92' lang='lat' dir='ltr'>quam</span> <span class='ocrx_word' id='word_1_456' title='bbox 950 4565 1017 4623; x_wconf 63' lang='lat' dir='ltr'>ieie.</span> <span class='ocrx_word' id='word_1_457' title='bbox 1051 4563 1157 4619; x_wconf 87' lang='lat' dir='ltr'>Plautus</span> <span class='ocrx_word' id='word_1_458' title='bbox 1173 4563 1302 4626; x_wconf 89' lang='lat' dir='ltr'>Amphitr.</span> <span class='ocrx_word' id='word_1_459' title='bbox 1318 4561 1420 4624; x_wconf 85' lang='lat' dir='ltr'>Prolog.</span> <span class='ocrx_word' id='word_1_460' title='bbox 1439 4564 1496 4614; x_wconf 89' lang='grc'><strong>139.</strong></span> 
     </span>
     <span class='ocr_line' id='line_1_74' title="bbox 369 4643 1495 4707; baseline 0.003 -17"><span class='ocrx_word' id='word_1_461' title='bbox 369 4656 420 4690; x_wconf 86' lang='lat' dir='ltr'>mos</span> <span class='ocrx_word' id='word_1_462' title='bbox 442 4643 541 4705; x_wconf 91' lang='lat' dir='ltr'>patitur.</span> <span class='ocrx_word' id='word_1_463' title='bbox 945 4644 1028 4707; x_wconf 81' lang='lat' dir='ltr'>froila</span> <span class='ocrx_word' id='word_1_464' title='bbox 1044 4658 1113 4692; x_wconf 83' lang='lat' dir='ltr'>meua</span> <span class='ocrx_word' id='word_1_465' title='bbox 1140 4647 1228 4705; x_wconf 81' lang='lat' dir='ltr'>pater,</span> <span class='ocrx_word' id='word_1_466' title='bbox 1248 4644 1397 4705; x_wconf 82' lang='lat' dir='ltr'>quodvult,</span> <span class='ocrx_word' id='word_1_467' title='bbox 1414 4643 1495 4706; x_wconf 81' lang='lat' dir='ltr'>sarit.</span> 
     </span>
    </p>

    <p class='ocr_par' dir='ltr' id='par_1_11' title="bbox 400 4718 1564 4788">
     <span class='ocr_line' id='line_1_75' title="bbox 400 4718 1564 4788; baseline -0.001 -16"><span class='ocrx_word' id='word_1_468' title='bbox 400 4722 550 4772; x_wconf 86' lang='lat' dir='ltr'>Doderlinus</span> <span class='ocrx_word' id='word_1_469' title='bbox 567 4732 673 4788; x_wconf 78' lang='lat' dir='ltr'>roqueta</span> <span class='ocrx_word' id='word_1_470' title='bbox 689 4725 803 4785; x_wconf 88' lang='lat' dir='ltr'>defendit,</span> <span class='ocrx_word' id='word_1_471' title='bbox 820 4735 844 4776; x_wconf 90' lang='lat' dir='ltr'>et</span> <span class='ocrx_word' id='word_1_472' title='bbox 860 4742 909 4777; x_wconf 90' lang='lat' dir='ltr'>me·</span> <span class='ocrx_word' id='word_1_473' title='bbox 952 4725 1024 4775; x_wconf 78' lang='lat' dir='ltr'>Ouid.</span> <span class='ocrx_word' id='word_1_474' title='bbox 1050 4723 1124 4782; x_wconf 82' lang='lat' dir='ltr'>Quod</span> <span class='ocrx_word' id='word_1_475' title='bbox 1134 4722 1219 4784; x_wconf 82' lang='lat' dir='ltr'>superi</span> <span class='ocrx_word' id='word_1_476' title='bbox 1237 4723 1347 4780; x_wconf 74' lang='lat' dir='ltr'>uolitare,</span> <span class='ocrx_word' id='word_1_477' title='bbox 1362 4728 1495 4782; x_wconf 79' lang='lat' dir='ltr'>pei-natum</span> <span class='ocrx_word' id='word_1_478' title='bbox 1563 4718 1564 4721; x_wconf 66' lang='grc'>’</span> 
     </span>
    </p>
   </div>
   <div class='ocr_carea' id='block_1_8' title="bbox 1340 4803 1358 4864">
    <p class='ocr_par' dir='ltr' id='par_1_12' title="bbox 1340 4803 1358 4864">
     <span class='ocr_line' id='line_1_76' title="bbox 1340 4803 1358 4864; baseline 0 0"><span class='ocrx_word' id='word_1_479' title='bbox 1340 4803 1358 4864; x_wconf 81' lang='lat' dir='ltr'>a</span> 
     </span>
    </p>
   </div>
   <div class='ocr_carea' id='block_1_9' title="bbox 0 0 1880 5759">
    <p class='ocr_par' dir='ltr' id='par_1_13' title="bbox 0 0 1880 5759">
     <span class='ocr_line' id='line_1_77' title="bbox 0 0 1880 5759; baseline 0 2"><span class='ocrx_word' id='word_1_480' title='bbox 0 0 1880 5759; x_wconf 95' lang='lat' dir='ltr'> </span> 
     </span>
    </p>
   </div>
  </div>
 </body>
</html>
