3750 5759
423 665 486 726 194
836 663 881 725 ll.
929 680 1056 727 stratas
1081 681 1142 724 vu.

422 849 457 896 tio
474 850 501 896 in
518 851 575 898 orbe
593 853 722 896 terrorum
739 849 850 896 arbitros
867 849 925 896 belii
941 848 1061 910 pacisque
1078 863 1160 909 erpere,
1187 862 1293 909 quorum
1314 855 1381 897 nutu
1402 866 1476 900 ornan
1493 868 1558 901 seton·

421 932 490 976 turos
506 930 676 991 positurosque
693 930 822 978 Bostrenos
839 943 896 977 ease.
931 927 1015 977 Multo
1038 927 1183 975 invidiosius
1202 936 1240 976 est
1256 944 1329 991 nuere
1346 932 1466 990 arbitros,
1484 946 1557 995 quam

420 1008 538 1055 arbitrio.
572 1007 628 1069 Quo
644 1006 802 1063 invidiosius,
820 1007 866 1054 hoc
883 1007 964 1069 magis
982 1007 1040 1055 huic
1056 1007 1161 1055 orationi
1178 1008 1300 1058 convenit.

833 1144 890 1187 11.
927 1134 1064 1219 SATIRA
1081 1136 1143 1185 Vll.

469 1250 499 1298 Ρ.
521 1250 574 1298 let.
610 1250 717 1299 Ciuoam
734 1256 764 1298 at
781 1255 894 1299 recuteret
910 1252 937 1298 in
956 1252 1037 1298 boreos.
1072 1251 1152 1299 Acro:
1172 1253 1265 1314 „Quasi
1283 1255 1320 1301 sui
1337 1255 1456 1318 propositi
1468 1256 1557 1319 guber·

419 1336 498 1378 nator.
534 1331 641 1379 Clauum
656 1337 740 1378 autem
756 1338 800 1378 aut
816 1330 882 1378 vitae
899 1335 943 1377 aut
960 1336 1109 1393 purpurae.“
1143 1332 1199 1380 Iam
1224 1332 1284 1381 olim
1310 1334 1386 1396 igitur
1407 1336 1557 1386 dubitatum.

420 1409 485 1457 Mihi
502 1411 588 1458 clavus
603 1412 671 1459 ottae
687 1409 775 1472 placet.
811 1409 970 1459 Gubernator
987 1410 1013 1457 in
1030 1418 1131 1473 portum
1148 1412 1234 1460 tendit.
1268 1414 1307 1461 Eo
1324 1413 1436 1473 clavum,
1459 1424 1484 1465 et
1514 1431 1558 1479 per

418 1489 530 1548 clavum,
547 1504 647 1537 cursum
664 1489 757 1552 dirigit.
791 1490 872 1538 Tenet
888 1487 988 1536 clavum
1005 1496 1030 1537 et
1046 1504 1146 1538 cursum
1163 1499 1272 1550 rectum,
1288 1506 1338 1540 non
1354 1501 1449 1554 mutat,
1465 1495 1515 1544 sibi
1531 1497 1557 1543 in

417 1572 524 1633 regendo
540 1577 642 1619 constat.
675 1569 774 1617 Ennius
791 1570 829 1618 ed.
846 1569 959 1617 Merulae
976 1584 1000 1631 p.
1018 1570 1073 1618 eol.
1113 1573 1150 1619 Ut
1167 1574 1266 1621 olavam
1283 1579 1379 1623 rectam
1396 1580 1495 1624 teneam
1512 1591 1558 1623 no·

417 1652 515 1713 vimque
530 1653 668 1713 gubernem.
704 1648 811 1710 Quintil.
829 1647 911 1696 Instit.
929 1647 1000 1698 Orat.
1013 1648 1049 1697 II.
1064 1650 1101 1701 17.
1137 1649 1206 1699 Nam
1218 1657 1241 1701 et
1253 1653 1405 1713 yubmnotor
1418 1657 1473 1702 ontt
1484 1657 1558 1704 soiou

416 1747 480 1780 noce
494 1733 522 1779 in
538 1737 639 1795 portum
653 1730 792 1792 revenire.
818 1730 847 1776 st
865 1735 948 1777 tomen
966 1734 1114 1791 terripestote
1124 1729 1211 1792 fuerit
1227 1733 1361 1794 obreptus,
1378 1749 1428 1782 non
1445 1736 1501 1784 ideo
1512 1739 1557 1785 mi-

416 1827 465 1860 nue
473 1811 531 1874 snit
547 1813 712 1873 yubmnutor,
735 1811 846 1871 dicitque
866 1814 955 1857 notum
976 1810 1055 1857 iliud:
1082 1811 1159 1866 ,dum
1184 1812 1282 1859 ciocum
1310 1819 1407 1861 rectam
1434 1820 1558 1864 teneam.“

421 1893 458 1939 Ut
474 1893 572 1940 ctutum
589 1895 696 1947 rectam,
722 1889 768 1945 ita,
785 1889 872 1946 credo,
889 1888 1015 1935 usitarunt
1030 1891 1114 1938 norim
1136 1895 1243 1949 rectam,
1265 1893 1331 1953 quod
1353 1893 1403 1941 iam
1426 1894 1557 1958 attigimus

415 1970 447 2016 ad
463 1984 487 2033 p.
507 1971 562 2019 124.
596 1970 691 2018 Notum
708 1974 746 2017 est
762 1967 920 2030 proverbium
936 1983 1079 2030 nunqnam,
1098 1970 1231 2030 Neptune,
1252 1972 1318 2020 banc
1333 1975 1419 2021 norim
1436 1976 1488 2022 nisi
1504 1991 1556 2025 rec·

415 2054 482 2106 tom,
500 2049 584 2111 ὀρθὰν
601 2049 652 2096 τὰν
668 2049 748 2105 ναῦν,
765 2047 796 2095 de
813 2061 864 2109 quo
881 2045 1006 2096 Gesnerus
1024 2046 1055 2093 ad
1072 2045 1088 2095 l.
1101 2046 1117 2094 l.
1135 2045 1296 2107 Quintiliani,
1314 2051 1443 2113 quodiam
1456 2053 1482 2100 in
1496 2053 1556 2104 Sca·

415 2127 537 2188 ligeranis
555 2127 706 2190 explicatum
724 2134 789 2174 erat:
816 2125 1001 2188 „Quaecunque
1016 2131 1149 2188 tempestas
1166 2128 1261 2184 veniet,
1277 2130 1407 2192 Neptune,
1424 2133 1446 2180 si
1456 2112 1557 2183 evertas

413 2209 510 2265 navim,
527 2208 614 2256 sedens
631 2207 663 2254 ad
680 2205 878 2268 gubernaculum
896 2219 993 2267 semper
1010 2212 1104 2253 rectum
1121 2210 1228 2254 everte.“
1261 2208 1310 2257 Vir
1326 2224 1434 2272 magnus
1450 2228 1503 2261 non
1520 2216 1557 2263 ita

412 2286 517 2348 scripsit.
552 2286 630 2346 Sunt,
647 2293 676 2334 ut
692 2286 774 2335 multa
792 2286 819 2332 in
836 2284 978 2333 huiusmodi
995 2283 1079 2346 libris,
1096 2285 1253 2349 negligenter
1270 2289 1344 2337 edita.
1378 2291 1420 2339 Ex
1437 2292 1485 2341 hoc
1499 2310 1555 2357 pro·

413 2366 498 2414 verbio
513 2365 663 2429 interpretor
679 2365 765 2414 Plauti
782 2364 880 2427 Epidio.
898 2364 920 2412 I.
940 2378 958 2412 1.
976 2365 1016 2413 69.
1051 2367 1180 2415 Haeccine
1197 2369 1241 2416 abi
1256 2370 1333 2418 scibit
1349 2371 1443 2420 senex?
1453 2376 1555 2436 puppis

413 2448 550 2496 Pereuntia
565 2452 604 2494 est
617 2447 701 2508 probe.
735 2444 800 2493 Mihi
822 2444 979 2506 pereundum
995 2451 1037 2493 est.
1073 2444 1122 2494 Sed
1143 2446 1226 2508 peribo
1246 2447 1333 2509 probe,
1362 2450 1459 2509 καλῶς,
1485 2454 1554 2517 Nep-

412 2534 487 2574 tunus
505 2527 569 2574 hanc
591 2526 694 2589 puppim
713 2539 764 2574 non
781 2526 830 2573 nisi
855 2531 947 2573 rectam
974 2532 1074 2574 evertet.
1110 2525 1201 2576 Gravis
1226 2528 1292 2576 servi
1317 2530 1410 2589 oratio,
1436 2546 1482 2580 nec
1508 2550 1555 2598 pro

411 2620 495 2662 servo,
512 2614 586 2670 atque
602 2606 656 2654 ideo
675 2605 786 2654 ridicula.
820 2604 944 2668 Polybius
961 2605 997 2653 V.
1020 2606 1061 2654 38.
1084 2606 1114 2655 de
1139 2604 1286 2665 Cleomene,
1311 2609 1353 2671 qui
1379 2610 1555 2672 εὐθανατῆοοι

410 2686 574 2745 σπουδάζων,
590 2686 632 2734 rai
648 2684 725 2750 μηδὲν
741 2684 849 2741 ἀνάξιον
866 2683 1003 2750 ὑπομεῖναι
1020 2689 1066 2745 τῆς
1083 2688 1142 2749 περὶ
1160 2687 1240 2735 αὐτὸν
1259 2688 1476 2753 προγεγενημένης
1496 2692 1553 2741 reg.

408 2784 472 2830 μης,
489 2765 565 2814 simul
582 2764 708 2829 cogitabat
726 2765 770 2814 illa
790 2764 907 2814 Homeri:
932 2765 976 2823 Μὴ
998 2766 1051 2830 μὰν
1068 2764 1192 2814 ἀσπουδεί
1209 2784 1236 2830 γε
1253 2767 1294 2815 καὶ
1312 2766 1419 2824 ἀκλειῶς
1436 2769 1552 2820 ἀπολοί-

408 2864 471 2910 μην,
488 2845 568 2896 Ἀλλὰ
584 2845 648 2912 μέγα
665 2844 741 2910 ῥέξας
757 2866 781 2895 τι
797 2847 839 2894 rai
861 2843 1017 2910 ἐσσομένοισι
1037 2844 1172 2894 πυθέσθαι.
1206 2847 1266 2895 Non
1288 2847 1395 2895 multum
1417 2848 1477 2898 hinc
1500 2851 1553 2899 abit

408 2927 500 2975 dictum
516 2927 666 2990 Vespasiani
683 2928 749 2990 apud
766 2926 868 2976 Sueten.
885 2927 926 2975 24.
961 2924 1143 2987 Imperatorem
1159 2932 1269 2976 stantem
1286 2929 1350 2976 acori
1367 2933 1473 2992 oportet.
1504 2929 1550 2980 Se·

408 3020 469 3054 neca
485 3007 564 3069 Epist.
580 3007 621 3058 37.
656 3009 737 3055 Recto
758 3008 806 3054 tibi
822 3007 964 3066 invictoque
983 3006 1141 3053 moriendum
1158 3011 1203 3054 est.

456 3087 487 3134 P.
506 3087 562 3135 164.
597 3089 681 3134 Tanto
698 3087 777 3133 levius
793 3087 870 3132 maer
887 3099 918 3133 oc
933 3086 1006 3145 prior
1023 3086 1074 3133 ille.
1107 3085 1166 3133 Non
1189 3085 1264 3135 laudo
1285 3087 1347 3135 illud
1364 3088 1442 3136 levius
1460 3090 1551 3148 mian,

408 3166 467 3228 quia
483 3166 567 3226 agitur
584 3166 614 3212 dc
631 3161 773 3211 hominibus
790 3163 870 3211 altero
886 3162 913 3210 in
930 3162 998 3210 vitiis
1015 3163 1149 3220 constanti,
1166 3165 1244 3215 altero
1261 3168 1316 3215 Ieoi.
1351 3164 1473 3228 Opposita
1491 3177 1551 3217 sunt

408 3251 525 3295 constans
541 3251 567 3293 et
584 3245 657 3301 ῑνοὶο,
675 3250 700 3291 et
716 3245 872 3292 constantior
888 3241 1019 3305 praecedit.
1052 3243 1173 3292 Horatius
1191 3245 1294 3293 dixisset
1310 3245 1401 3295 melius
1418 3248 1450 3296 de
1461 3245 1550 3298 eodem

407 3323 518 3372 homine:
536 3328 631 3386 quanto
648 3323 805 3372 constantior
821 3323 900 3370 ndens
933 3323 968 3368 In
986 3323 1070 3379 cittis,
1090 3328 1161 3370 tanto
1179 3325 1263 3372 rainae
1280 3330 1305 3372 et
1321 3327 1406 3384 enirm,
1424 3326 1476 3381 vel,
1496 3333 1551 3376 tam

407 3405 515 3453 nobilius
533 3406 615 3453 nciam.
649 3401 751 3450 Priscus
768 3408 805 3450 est
821 3401 911 3457 miser,
927 3400 1078 3449 Volanerius
1096 3408 1133 3449 est
1149 3402 1232 3450 miser.
1265 3403 1377 3466 Uterque
1387 3411 1479 3466 peccat.
1499 3405 1550 3456 Sed

406 3484 512 3545 quisibi
530 3483 678 3547 inpeccatis
695 3489 802 3539 constat,
819 3481 928 3530 nobilius
946 3488 971 3530 et
992 3481 1080 3530 fortius
1102 3481 1174 3538 facit,
1201 3483 1283 3532 minus
1309 3485 1371 3532 adeo
1396 3484 1472 3532 miser
1498 3495 1550 3544 est,

406 3563 453 3612 sibi
469 3565 569 3627 quidem
586 3570 611 3612 et
627 3563 682 3611 aliis
699 3563 811 3620 videtur,
829 3576 902 3625 quam
921 3560 964 3624 qui
981 3568 1058 3610 natat.
1092 3562 1202 3611 Animus
1227 3569 1253 3610 et
1277 3561 1356 3610 virtus
1377 3565 1500 3626 quaedam
1522 3568 1549 3614 in

405 3643 453 3691 ista
469 3644 607 3693 constantia
624 3644 740 3691 cernitur.
773 3642 809 3691 Et
833 3657 883 3690 non
908 3641 985 3689 sentit
1011 3656 1037 3690 se
1062 3656 1115 3690 esse
1140 3643 1266 3691 miserum.
1301 3641 1429 3691 Gloriatur
1453 3645 1550 3708 magis,

406 3723 477 3785 quasi
493 3724 536 3786 qui
553 3724 649 3771 audeat.
683 3722 798 3770 Nobilius
819 3722 894 3769 miser
914 3727 966 3777 ost,
987 3722 1130 3783 generosius
1148 3722 1223 3785 perit,
1242 3736 1318 3785 quam
1335 3721 1398 3769 alter
1414 3721 1458 3772 ille
1474 3722 1549 3774 levis.

405 3803 493 3850 Davus
511 3803 597 3850 acerbe
613 3803 714 3850 iocatur.

454 3881 483 3931 P.
504 3883 558 3931 165.
596 3883 680 3944 Usque
695 3895 798 3929 recuses.
834 3880 934 3929 Conieci
958 3881 997 3929 ire
1021 3896 1126 3930 recuses.
1162 3881 1269 3943 Propius
1295 3881 1325 3927 ad
1352 3896 1427 3944 aeque
1452 3884 1548 3932 accedit

405 3964 454 4010 isse
469 3975 574 4010 recuses.
608 3959 677 4008 Usus
695 3959 797 4022 perfecti
814 3959 854 4008 vel
872 3974 904 4008 ex
921 3960 1027 4009 Horatio
1044 3967 1124 4009 notus.

452 4041 557 4090 Ρ.165.
592 4043 623 4090 Si
638 4056 763 4103 nusquam
784 4057 810 4091 es
820 4041 894 4105 sorte
918 4048 1029 4090 vocotus.
1064 4042 1172 4090 Rectum
1196 4054 1294 4103 quoque
1319 4048 1394 4089 esset:
1423 4045 1447 4091 oi
1475 4060 1548 4094 nenio

397 4120 471 4181 sorte
487 4123 590 4171 cocunt.

452 4200 483 4249 P.
504 4203 557 4252 166.
592 4204 689 4266 Moeno
716 4205 825 4253 blateras
860 4204 968 4252 clamore
989 4203 1119 4267 surisque.
1159 4202 1217 4250 Non
1243 4203 1373 4265 facieque.
1406 4201 1548 4253 Confirmat

405 4279 517 4331 Iuvenal.
536 4283 609 4333 Satir.
627 4284 703 4334 XIV.
721 4284 760 4332 62.
798 4285 850 4333 Hic
876 4285 944 4332 looet
969 4289 1114 4346 arquatum,
1139 4297 1198 4331 voro
1224 4297 1315 4344 οιμονιι
1342 4284 1545 4344 terpeot'oiter,

410 4360 462 4408 Voc
478 4364 573 4411 dornini
583 4364 659 4428 furit
676 4366 801 4413 instantis
819 4365 964 4426 stirpemque
981 4365 1095 4412 tenentis.

450 4441 481 4488 P.
501 4442 555 4494 167.
590 4443 642 4491 llio
659 4449 787 4491 tornense
820 4444 881 4491 Non
897 4444 987 4490 babitu
1004 4447 1117 4490 trintatoe
1134 4443 1184 4490 loco
1199 4446 1316 4503 peccotre
1327 4455 1443 4502 superne.
1479 4441 1545 4492 Wit-

401 4517 480 4567 hotius
497 4522 602 4571 Dissert.
619 4522 655 4571 II.
673 4523 704 4569 dc
721 4520 826 4570 Distich.
845 4520 948 4570 Catonis
966 4520 1070 4584 repetita
1088 4520 1189 4569 incdit.
1223 4520 1313 4568 Arnta.
1330 4519 1404 4582 legit:
1426 4528 1547 4581 peccatve

400 4616 502 4663 sequuta
520 4608 544 4651 te
561 4603 576 4650 i.
594 4617 614 4650 c.
632 4617 695 4658 non,
708 4607 749 4648 'ut
767 4609 807 4661 tu,
832 4616 864 4649 ex
888 4600 1017 4664 impotenti
1040 4600 1141 4649 libidine
1158 4608 1239 4649 mutat
1255 4599 1370 4648 habitum
1388 4598 1429 4648 vol
1444 4599 1546 4659 looum,

400 4680 514 4729 similiter
532 4682 556 4728 in
574 4683 645 4730 aedos
663 4681 756 4729 alienas
775 4682 898 4744 irrepens,
916 4694 963 4728 nec
981 4687 1078 4742 peccat,
1097 4687 1123 4728 ut
1149 4688 1192 4740 tu,
1218 4695 1314 4742 vagans
1340 4686 1364 4728 et
1388 4680 1481 4742 passim
1508 4695 1545 4730 sc·
