3750 5759
838 696 1028 790 trena
1068 700 1092 763 ι

434 887 483 952 At
503 885 630 952 Novius
655 885 781 971 collega
801 885 905 971 gradu
929 891 1007 970 post
1029 908 1082 951 me
1103 886 1195 952 sedet
1216 909 1299 966 un03

434 991 586 1075 Namque
603 994 654 1054 est
671 989 744 1071 ille,
761 994 857 1074 Pater
874 988 963 1074 quod
980 994 1049 1054 erat
1071 1012 1172 1055 meus.
1200 991 1296 1074 „Hoc
1315 992 1376 1058 tibi
1393 994 1529 1060 Paullus

434 1095 480 1160 Et
503 1093 646 1159 Messala
668 1093 811 1158 videris?
857 1092 927 1175 „At
950 1092 1020 1176 hic,
1045 1093 1074 1158 si
1097 1093 1223 1179 plostra
1246 1095 1402 1179 ducenta,

434 1199 700 1282 Concurrantque
722 1196 793 1261 foro
818 1196 882 1261 tria
904 1196 1020 1262 funera
1042 1219 1178 1283 magna,
1204 1199 1334 1272 sonabit

433 1303 563 1368 Cornua
586 1301 673 1387 quod
696 1301 872 1386 vincatque
897 1301 1012 1379 tubas3
1038 1301 1156 1366 saltem
1181 1307 1271 1368 tenet
1294 1303 1357 1368 hoc
1378 1306 1474 1369 uos.“

431 1407 528 1470 Nunc
552 1405 593 1470 ad
616 1427 669 1469 me
692 1406 787 1471 redeo
811 1405 965 1471 libertino
988 1411 1082 1491 patre
1104 1411 1239 1488 natum,

419 1511 537 1590 ,Quem
560 1508 682 1574 rodunt
704 1531 817 1575 omnes
841 1510 996 1575 libertino
1020 1517 1112 1594 patre
1136 1515 1267 1575 natum:

429 1614 545 1696 Nunc,
572 1611 649 1697 quia
672 1635 746 1677 sum
771 1612 850 1696 tibi,
876 1613 1067 1696 Maecenas,
1094 1613 1275 1696 convictor,
1300 1621 1335 1680 at
1359 1615 1455 1698 olim,
1491 1674 1497 1684 .

431 1717 526 1798 Quod
549 1714 631 1780 mihi
654 1721 783 1801 pareret
806 1716 893 1802 legio
919 1718 1069 1781 Romana
1093 1717 1233 1783 tribune.

430 1821 603 1886 Dissimile
625 1821 686 1886 hoc
711 1821 762 1886 illi
786 1827 853 1900 est3
878 1822 1060 1908 quianon,
1085 1828 1124 1888 ut
1147 1822 1243 1888 forsit
1265 1823 1421 1889 honorem

429 1926 504 1989 Iure
527 1924 612 1989 mihi
635 1924 782 1991 invideat
806 1926 932 2012 quivis,
958 1927 1005 1992 ite
1029 1932 1061 1993 te
1084 1950 1214 2013 quoque
1237 1927 1398 2012 amicum,

429 2029 626 2094 Praesertim
649 2034 783 2094 cautum
806 2030 924 2115 dignos
949 2031 1134 2114 adsumere,
1159 2054 1260 2117 prava

426 2131 619 2199 Ambitione
642 2134 763 2219 procul.
813 2135 958 2201 Felicem
982 2135 1088 2200 dicere
1111 2158 1178 2200 non
1201 2137 1262 2202 hoc

427 2235 482 2301 Me
504 2237 644 2321 possim,
669 2260 747 2303 casu
771 2238 858 2324 quod
883 2244 915 2303 te
939 2239 1075 2305 sortitus
1100 2239 1251 2305 amicum.

426 2338 528 2405 Nulla
551 2341 673 2406 etenim
696 2342 779 2406 mihi
804 2348 836 2407 te
859 2342 925 2408 fors
951 2343 1091 2422 obtulit3
1116 2343 1261 2429 optimus
1286 2344 1365 2409 olim

425 2443 604 2529 Virgilius,
628 2453 704 2531 post
727 2447 814 2512 hunc
837 2447 957 2512 Varius
982 2448 1092 2512 dixere
1115 2448 1196 2534 quid
1219 2471 1333 2515 essem.

425 2546 473 2612 Ut
496 2548 572 2614 veni
596 2571 720 2633 coram,
746 2549 921 2635 singultim
944 2574 1048 2637 pauca
1070 2553 1243 2638 loquutus,

381 2665 486 2716 deiectus
499 2668 648 2731 Iugurtha.“
675 2668 717 2718 Sie
733 2683 821 2732 nempe
839 2668 928 2719 Gram·
1007 2671 1215 2734 Conccrranrque
1224 2671 1455 2735 feretriufunera
1468 2691 1518 2722 mu·

380 2746 461 2794 matici
478 2748 621 2808 credebant,
639 2749 705 2796 unde
721 2748 747 2795 in
769 2748 873 2796 vetustis
890 2749 928 2797 ed.
970 2765 1020 2812 prta
1042 2753 1142 2799 sonabit
1177 2750 1279 2799 Cornua
1301 2755 1367 2815 quod
1386 2756 1520 2817 vincatque

381 2824 504 2876 Sallustii:
522 2829 553 2877 Si
569 2830 641 2891 capis
655 2829 768 2891 ignotum
785 2829 929 2890 Iugurthae
971 2831 1054 2877 tubere.
1088 2829 1157 2878 Acro
1174 2829 1315 2877 annotavit:
1338 2829 1410 2889 „Aut
1427 2848 1519 2896 mappa

379 2921 475 2955 nostem
493 2909 585 2956 letam:
612 2908 735 2970 Tarpeiae
750 2909 824 2968 rupis
841 2909 928 2968 ριιὶιιιε
970 2922 1078 2968 cernua,
1095 2914 1139 2956 aut
1152 2907 1362 2971 mappasunera,
1373 2917 1416 2959 aut
1428 2928 1518 2974 mappa

379 2987 413 3033 od
428 2987 481 3034 ima
498 2989 573 3036 venit.
607 2985 674 3035 Vide
691 2986 759 3035 Cort.
780 2988 811 3034 ad
829 2987 927 3048 lugunt.
969 2989 1081 3046 sonabit,
1097 3003 1141 3051 pro
1158 3003 1259 3050 nrupne,
1274 2994 1302 3036 ut
1318 2987 1393 3052 Virg.
1409 2990 1519 3053 infanda

380 3066 434 3114 114.
462 3066 574 3115 Cadmus
593 3067 669 3115 fuisse
689 3065 779 3115 dicitur
802 3068 927 3131 carnifex.
962 3066 1120 3129 Ῑιινιιιιίειιιέι
1149 3067 1279 3131 Optimum
1295 3068 1379 3131 procul
1396 3070 1470 3119 dubio
1481 3078 1518 3119 est

379 3142 497 3194 Carnifex
514 3147 579 3195 idem
597 3154 650 3195 erat
661 3153 742 3194 eustos
754 3147 869 3195 carceris:
881 3161 926 3195 un·
968 3162 1060 3210 nrapna
1069 3147 1178 3208 funera
1201 3147 1333 3196 Herbstius
1356 3150 1400 3212 qui
1422 3150 1517 3200 viderat

378 3224 407 3271 de
424 3224 507 3273 Pleut.
524 3225 589 3274 Rud.
607 3225 658 3275 ΙΙΙ.
675 3239 714 3273 vr.
737 3226 775 3273 19.
801 3227 927 3288 huncqui
968 3225 1094 3289 iungenda
1104 3241 1157 3274 esse
1169 3243 1259 3290 nrapna
1266 3230 1377 3294 saneru,
1389 3237 1455 3279 recte
1466 3233 1517 3280 uni-

378 3306 412 3352 ad
434 3306 578 3369 carnificem
604 3308 742 3355 traderent.
787 3305 861 3366 Quod
886 3307 927 3354 hie
967 3306 1112 3366 madvertit,
1141 3306 1167 3354 in
1195 3307 1324 3356 funeribus
1351 3324 1402 3357 non
1427 3312 1516 3374 amplis

377 3382 490 3432 obiicitur
515 3384 611 3434 homini
628 3400 706 3445 novo,
728 3385 794 3434 idem
812 3383 926 3434 Ciceroni
967 3398 1017 3432 non
1034 3399 1127 3433 cornua
1143 3387 1230 3446 modo,
1251 3388 1294 3436 sed
1315 3401 1348 3436 ne
1369 3389 1440 3439 tubas
1462 3392 1515 3454 qui·

376 3462 408 3510 ab
424 3463 529 3512 inimicis
546 3464 712 3523 obterebatur,
724 3466 767 3528 qui
777 3464 839 3512 talia
849 3479 924 3513 ausus
966 3465 1023 3512 dem
1041 3464 1165 3524 adhiberi3
1183 3468 1249 3528 quod
1262 3482 1358 3516 cornua
1369 3469 1454 3518 eiurat
1464 3471 1516 3518 suf·

377 3551 439 3592 esset
455 3545 482 3592 in
498 3545 592 3594 civibus
609 3546 738 3595 nobilibus.
758 3545 847 3595 Cicero
858 3547 923 3608 apud
966 3543 1051 3603 ficere,
1074 3558 1254 3608 supervacuum
1278 3547 1339 3595 adeo
1355 3561 1408 3596 esse
1424 3564 1515 3612 mappa

375 3624 502 3673 Plutarch.
525 3626 565 3674 22.
583 3626 719 3674 Lentulum
740 3625 866 3689 παρέδωκε
886 3627 924 3690 τῷ
964 3627 1078 3684 sonabit,
1094 3631 1118 3674 et
1134 3625 1196 3675 bene
1213 3632 1339 3688 comparat
1356 3625 1431 3676 Satin
1442 3625 1463 3676 I.
1475 3642 1514 3676 rx.

376 3703 453 3768 δημίῳ
471 3704 513 3753 rai
535 3704 690 3769 προσέταξεν
710 3705 824 3766 ἀνελεῖν,
842 3707 922 3754 tradi·
964 3705 1004 3752 25.
1027 3706 1142 3753 invideat
1161 3708 1227 3769 quod
1247 3712 1272 3755 et
1289 3708 1457 3770 Herntopenet
1472 3724 1515 3770 epo

376 3785 413 3831 dit
430 3784 556 3847 cornifici.
582 3785 649 3833 Nota
661 3784 769 3833 formula
784 3786 811 3832 in
827 3799 855 3833 re
871 3785 922 3842 tali,
965 3791 1046 3832 erato.
1080 3784 1181 3833 Funere
1197 3785 1313 3834 dicuntur
1329 3793 1513 3850 nrapnaputo,

375 3863 500 3911 reddenda
506 3862 609 3913 fortasse
620 3864 717 3915 Velleio
731 3863 828 3913 Patere.
837 3864 873 3912 Π,
882 3866 922 3914 91.
964 3878 1027 3926 quae
1044 3863 1138 3927 insigni
1153 3879 1244 3928 pompa
1260 3872 1284 3914 et
1295 3871 1378 3914 sumtu
1390 3866 1514 3916 celebran-

375 3943 457 3992 Rufns
473 3944 611 4006 Egnatius,
636 3944 753 4001 Senator,
774 3944 921 4007 Augustum
964 3950 1018 4002 tur,
1034 3943 1085 3992 fere
1101 3949 1131 3991 ut
1147 3945 1202 3992 ludi
1218 3948 1316 4008 crepui,
1332 3946 1402 4009 quia,
1426 3961 1512 3996 seeun-

375 4021 516 4072 interimere
531 4029 660 4081 statueret,
674 4030 702 4071 ut
718 4023 760 4071 alii
776 4029 834 4072 ante
855 4037 921 4084 eum,
963 4022 1021 4070 dum
1055 4021 1193 4071 Aesonium
1225 4023 1380 4087 Pedianum,
1415 4028 1512 4090 magnis

372 4104 476 4162 publica
499 4105 652 4152 auotmdate
673 4105 791 4166 oppressi.
834 4105 922 4165 Neque
962 4100 1078 4164 impensis
1095 4102 1224 4152 dabantur.
1547 4163 1565 4184 ·

375 4182 414 4231 hie
438 4183 568 4244 prioritas
592 4185 620 4232 in
649 4184 797 4232 occultando
816 4181 922 4245 felicior
994 4180 1512 4246 Doderlinusquoquesuneramcpnalau·

367 4261 441 4321 suit:
459 4263 609 4324 abditasque
624 4264 729 4321 carceri,
744 4277 801 4310 cum
817 4263 922 4310 consata
962 4261 1016 4317 det,
1033 4266 1058 4309 et
1074 4267 1160 4309 contra
1176 4261 1343 4310 Kirchuerum
1360 4268 1454 4322 tuetur,
1471 4265 1512 4313 cui

368 4339 508 4400 facinoris,
534 4347 639 4390 mortem
668 4343 841 4404 diguissimam
865 4343 921 4389 cita
961 4340 1106 4404 displicebat
1115 4339 1257 4403 praecipue,
1274 4341 1339 4403 quod
1344 4341 1448 4404 funera
1459 4359 1511 4391 ma·

373 4420 498 4467 succesit.
516 4419 626 4468 Coniicio
640 4420 769 4469 Velleium
780 4420 920 4482 scripsisse:
960 4422 1004 4482 put
1020 4418 1117 4467 nullum
1133 4418 1276 4482 exemplum
1292 4420 1457 4482 inveniretur;
1472 4437 1511 4471 os·

374 4501 533 4561 nuditasque
550 4501 671 4565 carnifici.
698 4500 748 4561 Qui
764 4499 860 4563 publica
877 4515 920 4549 au·
961 4500 1064 4548 tendens
1081 4501 1167 4561 acepta
1182 4499 1294 4561 facea,
1315 4500 1434 4561 publiea,
1456 4516 1509 4550 eea·

373 4578 485 4626 ctoritate
506 4579 616 4641 oppressi
642 4580 849 4638 condemnantur,
876 4581 921 4630 hos
961 4581 1027 4628 eoric
1040 4578 1215 4627 invenirizcur
1226 4578 1391 4642 improbemus
1403 4583 1509 4642 mappa?

373 4659 471 4706 carceri
498 4659 596 4707 abditos
621 4659 692 4721 quasi
720 4658 783 4707 elam
804 4674 818 4707 e
839 4659 921 4709 medio
962 4659 1049 4721 Neque
1066 4673 1113 4721 ego
1129 4658 1170 4706 hic
1186 4658 1328 4721 exemplum
1345 4657 1455 4708 eiusdem
1468 4674 1527 4708 voh

374 4736 434 4794 tolli,
450 4751 501 4785 nou
519 4736 629 4786 dicimus.
963 4738 997 4786 eis
1014 4737 1107 4801 requiri
1124 4738 1237 4787 arbitror.
