3750 5759
422 704 447 745 11

463 867 625 940 Horatius,
647 877 682 926 ut
701 869 758 926 boc
779 869 918 944 exemplo
939 878 1025 940 utar,
1048 889 1117 927 nam
1139 887 1246 928 caussa
1265 871 1412 928 Aeneidis
1428 871 1553 927 multum

422 975 544 1032 diversa
564 983 622 1046 est,
646 974 745 1051 operis
767 974 880 1050 quippe
909 977 948 1032 ab
974 975 1040 1050 ipso
1067 985 1189 1033 auctore
1218 978 1380 1052 improbati
1410 986 1440 1033 et
1462 993 1554 1052 supra

424 1081 485 1137 alia
505 1081 604 1137 omnia
623 1079 811 1155 interpolati,
834 1080 980 1138 Horatius
995 1081 1088 1156 igitur
1103 1082 1233 1139 obscura
1249 1082 1322 1153 ista,
1345 1083 1462 1157 inepta,
1485 1081 1556 1138 ridi·

426 1185 508 1255 cula,
531 1184 676 1256 absurda,
702 1183 812 1258 quibus
838 1183 933 1243 falsae
956 1205 1061 1244 manus
1084 1205 1157 1244 vera
1179 1193 1318 1263 poemata
1340 1195 1554 1262 corruperunt,

425 1290 556 1347 scribere
591 1307 651 1345 non
686 1289 795 1364 potuit.
844 1288 903 1363 Qui
931 1291 1007 1348 adeo
1037 1291 1087 1349 vel
1117 1301 1232 1350 mutata
1263 1312 1318 1368 per
1353 1293 1555 1351 coniecturam

426 1395 565 1465 lectione,
578 1394 627 1450 vel
639 1394 750 1451 notatis
762 1395 882 1469 spuriis,
900 1396 951 1453 vel
965 1415 1044 1454 nova
1055 1397 1302 1473 interpretatione
1315 1399 1411 1456 lucem
1422 1399 1555 1455 tenebris

426 1501 581 1558 effundere
604 1509 745 1571 conatur,
766 1499 815 1558 hic
837 1521 897 1559 non
919 1503 1053 1577 iniquius
1072 1502 1171 1561 facere
1194 1505 1362 1561 censendus
1381 1514 1441 1574 est,
1464 1522 1555 1578 quem

397 1613 401 1621 “
426 1608 479 1681 qui
500 1607 600 1663 omnia
622 1622 809 1679 concoquere
833 1614 863 1663 et
878 1608 987 1664 millies
1007 1609 1046 1665 ab
1062 1608 1130 1666 aliis
1148 1609 1229 1665 dicta
1246 1617 1276 1665 et
1292 1609 1402 1666 iterata
1419 1619 1555 1683 repetere

427 1713 499 1771 satis
520 1714 622 1785 habet,
638 1714 703 1788 ipse
719 1712 756 1770 de
778 1731 847 1781 suc,
871 1728 931 1785 quo
952 1730 1002 1769 res
1018 1711 1145 1770 fortasse
1160 1712 1353 1784 restituatur,
1365 1714 1439 1770 nihil
1457 1713 1556 1770 affert.

467 1818 548 1893 Ego,
570 1818 623 1875 ubi
642 1818 726 1875 nulla
748 1818 828 1874 bona
854 1834 923 1892 spes
947 1817 1152 1891 expediendae
1169 1819 1351 1876 difficultatis
1374 1819 1554 1894 effulgebat,

428 1925 458 1981 in
484 1925 540 1980 hoc
562 1941 681 1998 quoque
705 1923 784 1980 libro
811 1921 935 1997 pronior
956 1920 999 1978 fui
1029 1921 1067 1978 ad
1094 1922 1280 1994 audendum,
1303 1941 1393 1997 quam
1413 1925 1557 1998 tergiver-

427 2030 561 2100 sandum,
583 2046 639 2086 nec
661 2028 824 2102 quidquam
835 2027 974 2084 simulavi
990 2036 1045 2084 aut
1062 2027 1258 2086 dissimulavi.
1280 2029 1317 2086 In
1333 2031 1423 2087 rebus
1440 2032 1557 2106 asperis

427 2136 553 2194 consilia
568 2134 668 2204 fortia,
688 2133 816 2191 audacia
832 2133 933 2205 etiam,
949 2133 1101 2191 interdum
1117 2143 1188 2192 sunt
1203 2135 1358 2192 salutaria.
1385 2137 1449 2193 Alii
1464 2154 1556 2212 saepe

429 2259 465 2298 eo
481 2241 520 2298 ad
542 2239 734 2315 cogitandum
756 2238 879 2296 excitati
900 2239 999 2296 lenius
1021 2239 1135 2313 aliquid
1162 2249 1193 2298 et
1221 2241 1315 2298 tutius
1335 2242 1501 2301 inveniunt.

468 2345 577 2406 Utrum
597 2345 686 2402 istam
705 2344 925 2419 interpretandi
946 2345 1026 2401 viam
1053 2354 1175 2402 secutus
1200 2346 1297 2403 literis
1323 2346 1432 2404 nostris
1454 2348 1558 2406 obfue-

428 2454 484 2510 rim
511 2471 550 2509 an
576 2449 754 2526 profuerim,
786 2450 949 2525 posteritas
975 2450 1082 2507 melius
1105 2450 1260 2508 iudicabit.
1302 2452 1449 2510 Prodesse
1476 2465 1557 2513 certe

429 2559 525 2629 volui,
547 2576 582 2615 ae
605 2556 710 2626 debui,
737 2565 825 2613 natus
847 2556 879 2613 in
900 2557 1038 2631 regione,
1066 2557 1119 2613 ubi
1140 2556 1288 2631 ingenuae
1316 2561 1476 2616 artesiam
1497 2559 1557 2616 tria

428 2664 549 2722 saecula
579 2663 706 2720 dilectae
738 2671 768 2719 et
799 2662 899 2719 cultae
927 2663 1065 2720 stabilem
1096 2662 1196 2719 sedem
1223 2663 1412 2721 invenerunt.
1465 2667 1557 2722 Anno

429 2771 508 2827 euim
534 2784 687 2838 unnxxv,
721 2767 752 2824 in
783 2767 882 2824 medio
909 2767 982 2824 belli
1011 2767 1171 2843 Hispaniei
1193 2769 1321 2840 ardore,
1343 2770 1434 2828 Musa
1461 2772 1558 2845 gradu

429 2875 553 2950 pinnato
580 2874 639 2930 huc
668 2892 701 2930 se
727 2872 844 2943 intulit,
870 2882 905 2930 ut
924 2873 1043 2931 Punico
1069 2892 1101 2931 se
1128 2874 1208 2930 bello
1231 2877 1377 2946 secundo,
1410 2877 1489 2949 quod
1514 2877 1560 2933 ait

429 2980 556 3037 Porcius
581 2979 732 3048 Licinius,
753 2978 898 3034 intulerat
918 2978 1091 3035 bellicosam
1116 2980 1147 3036 iu
1169 2979 1288 3037 Romuli
1310 2992 1430 3056 gentem
1452 2983 1557 3040 feram.

429 3083 558 3144 Condita
589 3101 668 3141 anno
696 3083 755 3139 isto
776 3082 943 3138 Academia
969 3082 1127 3153 Leidensi,
1157 3085 1285 3159 aliisque
1314 3087 1456 3162 deinceps
1479 3089 1559 3145 Aca·

429 3191 551 3263 demiis,
587 3189 767 3258 Athenaeis,
801 3186 977 3262 Gymnasiis
1006 3197 1037 3246 et
1068 3190 1191 3262 scholis,
1224 3192 1337 3266 scripta
1371 3192 1559 3253 Graecorum

428 3297 691 3369 Romanorumque
712 3295 812 3352 omnia
836 3292 1001 3369 cupiditate
1027 3294 1089 3353 fere
1115 3296 1294 3370 inexplebili
1319 3297 1557 3373 devorabantur,

428 3402 505 3460 adeo
525 3410 559 3459 ut
579 3400 706 3458 fortasse
728 3409 791 3457 tota
817 3398 942 3474 Europa
967 3399 999 3457 in
1021 3401 1104 3458 nullo
1124 3402 1252 3478 populo,
1271 3413 1333 3461 tam
1355 3407 1470 3480 exiguis
1492 3409 1558 3465 lini-

429 3507 486 3563 bus
507 3503 637 3576 incluso,
660 3505 822 3579 quidquam
844 3504 939 3561 simile
960 3505 1157 3563 inveniretur.
1199 3505 1243 3566 Ut
1264 3508 1399 3566 omittam
1420 3496 1558 3585 publicos

428 3610 543 3687 ingenti
565 3627 690 3668 numero
709 3610 862 3680 doctores,
889 3610 1075 3667 incredibilis
1103 3629 1222 3688 semper
1246 3613 1372 3671 aliorum
1397 3617 1558 3676 multitudo

429 3717 558 3788 exstitit,
586 3715 639 3789 qui
660 3720 780 3790 politas,
805 3713 983 3785 historicos,
1006 3715 1215 3791 philosophos,
1237 3726 1374 3776 oratores
1399 3727 1462 3778 tam
1490 3722 1557 3782 dili-

429 3831 533 3898 genter
558 3820 735 3878 lectitabant
764 3827 795 3876 et
826 3821 919 3894 probe
950 3820 1173 3895 intelligebant,
1205 3832 1240 3881 ut
1274 3824 1351 3882 nihil
1375 3843 1557 3902 magnopere

429 3927 512 3985 aliud
532 3928 564 3984 in
585 3926 666 3983 omui
682 3925 747 3983 vita
762 3926 858 4000 egisse
876 3925 1062 3983 viderentur.
1093 3927 1210 3987 Horum
1231 3930 1283 3987 alii
1305 3931 1398 3989 libros
1418 3933 1555 4008 edidere,

427 4031 599 4091 testimonia
619 4049 687 4088 cum
707 4031 799 4088 studii
819 4030 990 4101 doctrinae,
1012 4040 1075 4090 tum
1095 4034 1251 4093 doetrinae
1270 4037 1365 4112 ipsius
1383 4039 1554 4113 verissima3

429 4140 482 4198 alii
512 4157 572 4196 non
605 4136 739 4208 edidere,
768 4137 831 4195 sive
863 4137 985 4195 laudem
1018 4157 1123 4214 parum
1149 4152 1301 4214 curantes,
1324 4143 1388 4201 sive
1410 4145 1557 4203 modestia

431 4241 591 4319 prohibiti:
631 4241 685 4299 sed
724 4260 827 4299 omnes
862 4243 938 4300 mira
970 4244 1168 4302 delectatione
1204 4248 1313 4306 mentis
1348 4249 1392 4306 ita
1427 4251 1555 4309 alendae

429 4350 641 4421 acuendaeque
663 4348 860 4406 ducebantur.
904 4348 963 4406 His
991 4351 1060 4409 otiis
1087 4353 1207 4426 negotia
1232 4373 1305 4412 suae
1327 4357 1454 4430 quisque
1474 4359 1555 4416 vitae

428 4456 602 4524 recreabat,
628 4462 660 4511 et
689 4455 780 4530 vulgo
808 4455 848 4512 ad
873 4455 927 4513 illa
951 4457 1056 4514 utilius
1080 4467 1111 4515 et
1136 4460 1304 4535 elegantius
1335 4464 1466 4536 gerenda
1493 4466 1555 4524 ala·

429 4559 508 4618 crior
531 4559 658 4618 redibat.
700 4558 798 4634 Quam
823 4561 909 4619 multi
929 4561 1001 4620 inde
1024 4573 1168 4636 quantam
1181 4567 1374 4642 ¹voluptatem
1395 4585 1554 4641 rerumque

429 4675 635 4724 ornamentum
656 4666 870 4743 perceperuntl
892 4667 943 4739 m,
958 4676 993 4725 ut
1014 4669 1121 4740 scires,
1138 4680 1273 4729 veterum
1292 4674 1450 4732 admiratio
1464 4692 1555 4747 quam
