3750 5759
387 684 429 746 30

780 667 1132 739 SATIRARUM
1185 667 1187 671 ’

431 868 574 933 Nullane
591 866 690 931 habes
707 863 828 929 vitia?“
847 900 891 908 —-
908 860 1015 923 Immo
1032 857 1108 940 alia,
1124 855 1212 921 haud
1229 855 1367 920 fortasse
1386 851 1521 917 minora.

431 971 581 1036 Maenius
606 969 776 1035 absentem
799 964 943 1030 Novium
968 983 1069 1047 quum
1093 963 1256 1046 carperet:
1283 957 1400 1041 „Heus
1422 957 1502 1037 tu‚“

430 1073 571 1154 Quidam
595 1073 653 1156 ait,
678 1072 832 1157 „ignoras
857 1074 890 1133 te
912 1089 972 1149 an,
996 1070 1035 1130 ut
1059 1065 1210 1150 ignotum
1234 1063 1310 1127 dare
1333 1059 1428 1127 nobis

428 1178 537 1244 Verba
558 1179 698 1263 putas?“
725 1174 891 1260 „Egomet
913 1169 960 1234 mi
984 1169 1161 1254 ignosco,“
1186 1165 1336 1232 Maenius
1360 1161 1477 1250 inquit

430 1281 558 1347 Stultus
577 1287 610 1346 et
631 1280 787 1365 inprobus
803 1277 857 1342 hic
878 1296 970 1341 amor
987 1277 1037 1338 est
1061 1271 1245 1356 dignusque
1271 1268 1387 1334 notari.

429 1384 539 1465 Quum
557 1390 616 1450 tua
641 1384 812 1470 pervideas
835 1379 937 1446 oculis
958 1377 1048 1442 mala
1070 1375 1182 1462 lippus
1203 1373 1369 1456 inunctis,

429 1489 495 1555 Cur
517 1489 552 1553 in
578 1488 758 1554 amicorum
780 1486 871 1552 vitiis
894 1489 964 1548 tam
986 1479 1090 1546 cernis
1112 1484 1267 1561 acutum,

429 1592 536 1673 Quam
553 1598 612 1658 aut
634 1592 745 1677 aquila
767 1597 825 1657 aut
843 1608 976 1673 serpens
998 1583 1221 1670 Epidaurius?
1243 1582 1291 1646 At
1314 1579 1376 1646 tibi
1397 1583 1509 1645 contra

384 1749 411 1800 si
438 1752 477 1799 eui
505 1751 569 1800 tilius
598 1758 646 1810 cst,
675 1757 702 1799 ut
729 1750 855 1800 abortivus
884 1747 930 1795 fuit

709 1830 768 1879 olim

384 1906 518 1971 Sisyphus:
531 1909 597 1957 hunc
608 1910 715 1969 Varum,
731 1909 838 1957 distortis
854 1907 930 1956 cruri-

709 1987 767 2046 bus,
784 1987 854 2036 illum

380 2065 491 2116 Balbutit
508 2067 642 2126 Scaurum,
660 2066 742 2130 parvis
759 2067 849 2116 fultum
865 2067 930 2115 male

709 2147 772 2196 talis.

379 2224 478 2274 Vellem
504 2226 530 2273 in
548 2227 653 2275 amicitia
673 2227 708 2275 sie
727 2242 880 2286 erraremus,
905 2233 930 2274 et

708 2307 749 2355 isti

379 2383 466 2432 Errori
489 2397 581 2432 nomeu
604 2384 683 2434 virtus
703 2386 823 2448 posuisset
842 2385 928 2433 hones·

705 2472 766 2513 tum.

379 2541 482 2590 Parcius
499 2542 540 2591 hic
560 2544 638 2592 vivit?
660 2543 728 2607 frugi
749 2545 856 2593 dicatur:
877 2544 927 2591 ine·

703 2632 760 2685 ptus

378 2701 412 2749 Et
428 2701 555 2750 iactantior
571 2702 610 2749 hic
626 2701 709 2765 paullo
725 2705 778 2750 est?
794 2702 927 2750 concinnus

704 2782 787 2830 amicis

376 2860 491 2910 Postulat
507 2868 536 2910 ut
552 2861 677 2910 videatur:
701 2869 726 2911 at
750 2868 787 2910 est
804 2860 925 2910 truculen-

703 2942 751 2990 tior
767 2949 841 3005 atque

375 3019 436 3068 Plus
453 3035 532 3084 aequo
548 3020 625 3069 liber?
636 3020 742 3084 simplex
754 3020 871 3084 fortisque
882 3021 925 3069 ha·

702 3100 794 3149 beatur.

375 3176 474 3227 Caldior
500 3182 551 3227 est?
583 3194 650 3229 acres
680 3180 745 3229 inter
769 3187 923 3240 numeretur,

701 3259 793 3323 opinor.

373 3338 517 3387 Iracundior
547 3345 584 3386 est
608 3337 710 3400 paullo?
743 3338 825 3386 minus
850 3345 921 3400 aptus

701 3418 779 3466 acutis

372 3497 480 3546 Naribus
497 3498 585 3547 horum
602 3498 738 3546 hominum.
763 3498 849 3546 Rideri
866 3512 919 3560 pos·

698 3579 729 3626 sit
746 3592 787 3635 eo,
805 3580 870 3640 quod

371 3657 495 3706 Rusticius
519 3666 591 3707 tonso
616 3665 675 3720 toga
699 3657 783 3705 defluit
807 3664 831 3704 et
853 3658 918 3707 male

695 3736 767 3783 laxus

370 3815 401 3863 In
417 3817 479 3878 pede
495 3815 588 3864 calceus
604 3815 704 3864 haeret?
726 3823 751 3862 at
768 3823 805 3863 est
825 3817 916 3875 bonus,

696 3901 723 3942 ut
739 3895 824 3943 melior
841 3896 879 3942 vir

369 3975 428 4024 Non
439 3973 500 4023 alius
512 3975 652 4038 quisquam,
668 3982 694 4020 at
709 3974 752 4021 tibi
768 3976 873 4035 amicus,
890 3983 915 4024 at

689 4054 815 4116 ingenium
827 4056 914 4119 ingens

368 4133 465 4182 Inculto
481 4134 540 4183 latet
556 4135 602 4183 hoc
617 4133 663 4182 sub
679 4148 794 4197 corpore:
811 4137 914 4200 denique

695 4220 719 4261 te
736 4214 817 4277 ipsum

368 4290 493 4353 concute,
514 4308 576 4341 num
592 4308 642 4358 qua
657 4293 702 4341 tibi
719 4295 834 4344 vitiorum
850 4297 924 4346 inse·⁴

693 4375 757 4422 verit
773 4375 832 4424 olim

366 4452 477 4512 Natura,
502 4460 545 4502 aut
570 4452 644 4502 etiam
663 4457 813 4504 consuetudo
834 4457 912 4517 mala;

691 4548 797 4598 namque

366 4608 489 4672 Neglectis
516 4612 611 4659 urenda
638 4612 692 4661 filix
719 4615 853 4665 innascitur

692 4709 764 4756 agris.

972 1745 1041 1793 Haec
1058 1758 1096 1792 rcs
1114 1751 1139 1792 et
1160 1743 1255 1807 iungit,
1278 1742 1373 1790 iunctos
1394 1747 1419 1788 et
1440 1745 1520 1812 servat

1300 1835 1399 1869 amicos.

971 1903 1009 1951 At
1026 1917 1070 1951 nos
1088 1903 1191 1952 virtutes
1208 1901 1272 1965 ipsas
1290 1899 1445 1956 invertimus,
1460 1911 1495 1961 sq,

1004 2062 1080 2110 Nunc
1097 2063 1190 2124 aliquas
1207 2063 1278 2110 dicat
1295 2060 1364 2107 mitt.
1397 2054 1438 2114 si,
1455 2055 1517 2118 quod

970 2140 1022 2203 ipse
1044 2140 1140 2201 fateris,
1162 2142 1211 2190 alia
1232 2141 1294 2189 vitia
1315 2139 1403 2197 habes,
1425 2145 1450 2186 et
1473 2137 1517 2184 for·

970 2228 1035 2269 tasse
1052 2221 1119 2270 haud
1135 2222 1247 2279 minora,
1264 2235 1308 2269 cur
1320 2219 1363 2268 illa
1373 2233 1426 2267 non
1435 2218 1517 2266 vides?

970 2300 1099 2349 Maenium
1121 2302 1214 2350 imitari
1235 2301 1339 2357 videris,
1363 2299 1406 2363 qui
1422 2297 1517 2347 sibimet

970 2379 1118 2444 ignoscebat.
1146 2382 1195 2432 Sed
1206 2382 1277 2441 audi,
1294 2381 1354 2445 quid
1365 2379 1407 2428 alii
1419 2379 1517 2429 Maeuio

968 2462 1147 2523 responderint.
1181 2462 1225 2510 Ad
1241 2462 1302 2510 haec
1313 2461 1443 2510 Horatius:
1468 2459 1517 2508 Istc

969 2555 1038 2588 arnor
1055 2543 1093 2590 sui
1110 2543 1188 2605 ipsius
1200 2550 1237 2591 est
1248 2542 1345 2591 stultus.
1374 2539 1516 2605 suplicata,

969 2620 1041 2682 quale
1061 2621 1178 2670 iudicium
1200 2636 1253 2671 esse
1275 2627 1386 2685 oporteat
1405 2621 1436 2668 de
1453 2620 1516 2669 vitiis

968 2701 1110 2751 amicorum.
1146 2703 1260 2751 Primum
1280 2714 1425 2757 caveamus,
1444 2712 1476 2748 nc
1491 2698 1516 2746 in

968 2782 1080 2845 turpibus
1098 2783 1165 2830 vitiis
1182 2783 1259 2831 simus
1277 2780 1354 2838 caeci,
1377 2779 1457 2828 multo
1473 2777 1516 2827 mi·

967 2875 1014 2909 nus
1032 2862 1062 2909 iis
1080 2861 1239 2910 delectemur:
1257 2860 1359 2916 deinde,
1372 2873 1405 2907 nc
1419 2858 1516 2913 amicos,

967 2948 1066 3004 propter
1087 2942 1160 3001 vitia,
1186 2942 1252 2990 haud
1275 2942 1309 2989 ita
1330 2939 1425 3001 turpia,
1451 2938 1515 2986 fasti·

967 3021 1074 3078 mamus,
1093 3023 1135 3070 scd
1153 3036 1182 3070 ea
1198 3022 1225 3069 in
1238 3028 1333 3083 partem
1345 3018 1470 3068 mitiorem
1481 3019 1514 3066 in·

966 3108 1141 3163 terpretemur:
1164 3102 1269 3165 deniquo
1290 3115 1335 3149 nos
1358 3101 1424 3163 ipsos
1444 3113 1514 3148 excu-

965 3180 1064 3230 tiamus.
1101 3181 1143 3231 Sic
1159 3181 1268 3229 amicitia
1285 3180 1415 3230 constabit.

998 3263 1081 3310 Haud
1100 3263 1213 3324 sortasse
1238 3263 1344 3309 minora.
1384 3259 1439 3308 Alii
1456 3265 1513 3315 aut,

964 3347 1004 3397 at,
1019 3347 1056 3398 et,
1071 3341 1161 3404 partim
1175 3355 1208 3388 ex
1221 3338 1297 3389 MSS.
1309 3339 1400 3402 partim
1415 3353 1448 3386 ex
1460 3352 1513 3386 con·

962 3417 1062 3484 iectura.
1078 3425 1096 3467 Α
1103 3427 1132 3467 nt
1141 3419 1232 3468 habent
1241 3417 1382 3481 paucissimi
1392 3417 1470 3468 Codd.
1482 3418 1514 3466 In

961 3500 1104 3548 discrimine
1113 3507 1164 3547 tam
1176 3498 1235 3556 levi,
1251 3498 1332 3560 magis
1347 3498 1513 3560 quaerendum

959 3587 1027 3642 puto,
1044 3579 1103 3642 quid
1120 3574 1247 3627 sententia*
1255 3575 1380 3641 postulare
1394 3577 1513 3626 videatur.

997 3661 1125 3707 Maeuius.
1159 3657 1361 3708 commentator:
1388 3656 1457 3718 „Qui
1484 3657 1513 3704 dc

957 3739 1067 3801 personis
1085 3737 1230 3787 Horatianis
1247 3736 1411 3799 scripserunt,
1430 3737 1510 3785 aiunt:

957 3819 1086 3867 Maenium
1102 3817 1250 3867 scurrilitate
1275 3817 1370 3866 Romae
1392 3815 1511 3864 nobilissi-

956 3913 1025 3946 mum
1051 3897 1134 3946 fuisse.
1173 3897 1223 3946 Hic
1250 3902 1306 3959 post
1337 3894 1512 3958 patrimonium

955 3980 1070 4028 obrosum
1100 3978 1216 4029 Calendis
1238 3977 1360 4027 Ianuariis
1389 3976 1413 4024 in
1441 3974 1512 4039 Capi·

955 4059 1014 4108 tolio
1031 4059 1097 4108 clara
1109 4072 1167 4107 voce
1184 4059 1289 4122 optavit,
1307 4063 1335 4104 ut
1350 4057 1512 4120 quadraginta

955 4153 1114 4187 nummorum
1137 4138 1201 4186 aeris
1218 4137 1293 4185 alieni
1310 4136 1422 4184 haberet:
1440 4149 1511 4198 quae·

955 4226 1025 4268 rente
1049 4219 1168 4283 quodam,
1194 4217 1253 4280 quid
1270 4216 1317 4265 sibi
1334 4215 1422 4273 vellet,
1447 4216 1511 4279 quod

953 4305 1005 4346 tam
1022 4297 1125 4346 solemni
1143 4297 1182 4344 die
1209 4311 1251 4344 aes
1271 4295 1381 4344 alienum
1405 4301 1511 4358 optaret:

953 4377 1012 4427 Noli
1033 4377 1132 4434 mirari,
1155 4375 1251 4439 inquit,
1273 4375 1399 4438 octoginta
1421 4375 1511 4423 habere

954 4457 1054 4506 debco.“
1079 4457 1205 4508 Gesnerus
1223 4457 1312 4505 tabere
1328 4456 1405 4504 delet:
1431 4462 1455 4505 et
1470 4457 1510 4504 de-

953 4536 1054 4587 lendum
1079 4544 1128 4597 est,
1152 4544 1195 4586 aut
1216 4536 1362 4599 legendum:
1385 4537 1511 4599 octoqirrtu

953 4621 1040 4676 liabeo,
1057 4621 1075 4667 t.
1093 4636 1112 4668 e.
1130 4622 1207 4668 debeo.
1243 4617 1380 4667 Scholiasta
1398 4617 1415 4666 t.
1434 4632 1454 4665 e.
1471 4617 1509 4665 de·

954 4701 994 4747 bec
1011 4699 1104 4747 addidit
1122 4699 1261 4763 explicandi
1280 4712 1375 4746 caussa.
