3750 5759
758 718 1110 785 SATIRARUM

409 910 502 976 llille
524 910 622 995 pedes
651 910 685 973 in
709 909 831 991 fronte,
856 914 1017 973 trecentos
1043 907 1158 993 cippus
1182 908 1217 971 in
1241 929 1359 992 agrurn

411 1014 475 1078 Hic
496 1014 611 1092 dabat3
634 1014 767 1079 heredes
791 1017 1045 1077 mouumentum
1073 1033 1114 1076 ne
1136 1015 1331 1097 sequeretur.

410 1117 506 1183 Nunc
523 1118 601 1183 licet
626 1116 786 1203 Esquiliis
814 1116 963 1181 habitare
984 1116 1187 1197 salubribus,
1213 1121 1312 1201 atque

410 1221 540 1304 Aggere
564 1219 598 1283 in
622 1219 731 1305 aprico
755 1218 908 1304 spatiari,
937 1240 1001 1304 quo
1025 1219 1122 1284 modo
1147 1218 1258 1283 tristes

411 1324 507 1389 Albis
531 1324 705 1389 informem
730 1323 921 1409 spectabant
948 1323 1077 1389 ossibus
1101 1346 1234 1409 agrum3

415 1428 524 1507 Quum
547 1427 631 1491 mihi
654 1449 720 1492 non
743 1431 876 1492 tautum
898 1425 1050 1512 furesque
1073 1426 1239 1513 feraeque,
1264 1410 1396 1490 suetae

368 1568 488 1617 sentiebat
499 1568 816 1627 Doderlinns,coniiciens:
834 1569 914 1631 sepul·
957 1568 1082 1617 differunt.
1117 1568 1191 1618 Plebs
1217 1569 1309 1617 misera
1329 1581 1380 1615 non
1403 1562 1513 1613 habebat

368 1664 439 1699 crisin
456 1655 481 1697 et
499 1650 642 1698 Pantolabo
658 1663 762 1698 scurrae
781 1649 916 1696 Nomento·
958 1654 1144 1697 coronamentum
1169 1648 1197 1697 in
1219 1648 1299 1710 puteis
1321 1646 1381 1696 suis.
1414 1643 1513 1707 cippus

369 1744 448 1790 noque
469 1729 560 1790 nepoti.
594 1726 722 1786 Fortasse,
743 1726 792 1784 ait,
813 1731 917 1787 uterque
958 1728 1071 1775 monebat
1086 1725 1168 1775 locum
1185 1740 1238 1775 esse
1254 1726 1389 1791 publicum.

369 1806 481 1863 vivebat,
498 1814 522 1855 et
533 1806 652 1855 Horatius
663 1806 694 1854 iis
705 1812 797 1855 sortem
808 1804 918 1853 futuram
991 1806 1087 1867 Aqqere
1103 1807 1131 1853 s'n
1141 1807 1229 1868 aprico
1238 1807 1364 1871 spatiari,
1381 1818 1430 1867 quo
1440 1804 1515 1851 modo

369 1885 495 1950 praedicit.
528 1884 749 1934 Aeroannotavit:
767 1884 918 1943 „Nomenta-
960 1884 1050 1931 tristes.
1083 1884 1212 1933 Bentleius
1234 1900 1267 1933 ex
1291 1884 1435 1933 coniectura
1459 1897 1514 1945 quo

370 1982 417 2015 nus
438 1965 556 2029 prodigus
573 1964 620 2012 fuit
636 1970 662 2012 et
683 1964 767 2012 omnia
788 1962 853 2010 bona
875 1976 921 2010 sua
960 1962 1037 2010 modo,
1070 1963 1171 2012 Horatii
1183 1971 1256 2027 puto:
1275 1965 1410 2027 Apperein
1422 1962 1514 2024 aprico

371 2046 557 2103 comederat3ct
568 2044 693 2106 eleganter
702 2042 740 2091 his
750 2042 845 2090 duobus
855 2041 920 2089 Pan·
960 2042 1124 2103 spatiuntur,
1152 2047 1196 2107 qni
1224 2046 1294 2095 sindo
1322 2046 1415 2093 tristes.
1460 2039 1514 2103 Qui

371 2125 454 2173 tolabo
470 2131 494 2172 et
510 2124 669 2172 Nomentano
681 2123 746 2185 apud
757 2122 883 2185 Esquilias
896 2121 921 2168 in
962 2122 1036 2169 modo
1053 2122 1178 2186 Esquilias
1190 2124 1371 2187 praeteribant,
1389 2130 1414 2172 et
1429 2122 1516 2172 tristes

371 2204 475 2267 publicis
508 2201 607 2250 ustrinis
639 2207 829 2249 mouumentum
863 2199 922 2247 dicit
963 2200 1109 2263 spectabant
1130 2217 1221 2265 agrum
1242 2202 1338 2252 ossibus
1356 2200 1420 2250 albis
1435 2199 1514 2250 iuscr-

373 2284 457 2341 fuisse,
467 2284 525 2346 quia
541 2283 667 2345 privatum
678 2279 768 2329 habere
778 2278 860 2327 locum
871 2292 922 2325 non
963 2293 1041 2337 mem,
1058 2295 1139 2339 nune,
1156 2282 1178 2329 si
1188 2282 1278 2339 velint,
1289 2282 1324 2330 ibi
1336 2281 1446 2330 habitare
1456 2294 1515 2344 pos-

375 2369 521 2425 potuerant,
546 2359 659 2408 omnibus
685 2359 736 2407 suis
761 2357 923 2419 absumptis.“
963 2366 1036 2417 sunt,
1061 2367 1085 2409 et
1111 2361 1162 2409 iam
1185 2361 1244 2410 laeti
1268 2363 1295 2410 in
1317 2362 1401 2425 aprico
1421 2374 1517 2423 aggere

373 2440 464 2490 Paullo
480 2440 556 2503 igitur
572 2439 661 2487 melius
672 2436 718 2486 sibi
729 2434 852 2486 consuluit
862 2434 923 2485 Coe·
964 2439 1107 2501 spatiantur.
1134 2440 1252 2504 Apitzius
1267 2440 1366 2503 legebat
1381 2442 1426 2503 qui
1442 2441 1517 2489 modo

373 2522 421 2569 lius
431 2519 472 2568 illc
484 2521 650 2578 Mantuanus,
668 2520 698 2566 de
714 2531 765 2581 quo
778 2516 880 2566 Servius
892 2517 923 2564 ad

373 2602 465 2665 Virgil.
492 2600 545 2649 Ecl.
574 2600 624 2649 III.
652 2598 706 2648 105.
734 2596 794 2660 „qui
818 2594 924 2644 venditis

373 2681 487 2729 omnibus
508 2680 579 2729 rebus
602 2686 627 2727 et
647 2675 799 2740 consumptis
815 2682 924 2724 tantum-

374 2763 448 2811 modo
465 2762 512 2809 sibi
528 2760 636 2823 spatium
649 2756 798 2815 reservavit,
811 2757 876 2818 quod
888 2770 923 2804 se·

375 2840 460 2904 pulcro
478 2839 624 2890 sufficeret.“

412 2923 547 2970 Trecentos
564 2918 653 2981 cippus
669 2919 697 2965 s'n
708 2932 798 2978 uorum
816 2918 871 2965 Hic
882 2917 925 2965 do·

376 3001 431 3047 but:
455 3000 556 3048 haedos
578 3000 764 3045 nronunsentnm
789 3010 820 3043 ne
844 3010 925 3057 seque·

375 3084 455 3126 retur.
488 3077 636 3139 Explicant:
658 3075 705 3122 hac
726 3072 821 3123 adiecta
842 3071 925 3121 condi·

376 3157 455 3216 tione,
474 3160 573 3207 laedes
590 3159 775 3205 monumentum
795 3169 826 3204 ne
843 3168 925 3216 seque-

376 3243 456 3285 retur.
491 3236 543 3294 Ita,
560 3240 634 3298 puto,
652 3239 838 3282 monumentum
850 3231 927 3295 accipi

377 3332 426 3366 non
444 3323 536 3381 potest,
558 3315 610 3364 sive
631 3312 755 3376 intelligas
777 3312 859 3375 ipsum
876 3314 927 3375 cip·

375 3411 451 3459 paor,
472 3396 525 3444 sive
545 3396 693 3457 sepulcrum.
727 3390 850 3441 Coniicio:
875 3393 927 3440 Hie

377 3478 483 3525 nsiserne
501 3478 570 3538 plebi
591 3476 669 3522 debut
689 3475 716 3520 in
738 3488 864 3521 cotroniano
889 3488 925 3520 se·

377 3558 495 3617 palorum
531 3554 672 3601 Pantolabo
700 3557 725 3599 et
749 3566 854 3600 scurrae
877 3552 927 3597 No-

965 2520 1066 2578 trs'stes,
1090 2519 1254 2584 interpretans
1276 2534 1359 2580 „nunc
1380 2519 1438 2569 licet
1457 2534 1515 2583 spa-

964 2599 1021 2646 tiari
1047 2599 1074 2647 in
1098 2601 1218 2663 Esquiliis
1245 2608 1270 2649 et
1293 2600 1320 2648 in
1344 2612 1449 2663 aggere,
1471 2598 1518 2646 ubi

965 2677 1049 2740 paullo
1065 2686 1123 2727 ante
1139 2694 1199 2742 ager
1214 2679 1309 2728 ossibus
1326 2677 1442 2726 detormis
1458 2692 1517 2741 spe·

966 2757 1083 2807 etabatur.
1118 2759 1189 2822 Ergo
1205 2759 1309 2808 antehac
1325 2771 1376 2805 non
1387 2757 1469 2819 magis
1481 2756 1518 2806 ibi

966 2836 1067 2899 spatiari
1083 2837 1196 2889 licebat.“
1229 2836 1320 2888 Paullo
1343 2838 1430 2885 durius
1445 2836 1517 2886 vide·

966 2924 1019 2975 tur,
1048 2919 1108 2967 licet
1135 2921 1258 2981 spatiosi,
1287 2918 1331 2981 qui
1358 2916 1518 2981 spectabant,

967 2997 1057 3045 omisso
1074 2998 1133 3045 illis.

1002 3078 1066 3126 Cum
1083 3077 1147 3125 mint
1163 3092 1211 3125 non
1229 3083 1329 3126 tanturn
1340 3076 1464 3141 furesque
1472 3078 1518 3143 se·

966 3172 1058 3219 raeque
1084 3162 1170 3205 suetae
1204 3158 1284 3206 Hane
1310 3171 1402 3206 caure
1426 3158 1518 3208 lacurn

967 3238 1075 3301 Priapus
1096 3251 1146 3285 non
1162 3238 1232 3300 prius
1249 3237 1275 3284 in
1292 3237 1418 3300 Esquilias
1433 3238 1518 3297 venit,

967 3333 1042 3381 quam
1059 3319 1086 3366 in
1102 3318 1187 3366 hortos
1204 3325 1285 3367 essent
1301 3331 1441 3367 conversae.
1472 3319 1518 3367 Ex

967 3412 996 3445 eo
1014 3398 1071 3445 inde
1088 3403 1198 3461 tempore
1214 3398 1353 3461 praesentia
1369 3398 1519 3465 Dei'requi·

968 3476 1067 3525 rebatur
1077 3478 1108 3524 ari
1120 3477 1238 3525 arcendos
1249 3478 1316 3525 fures
1327 3483 1352 3525 et
1363 3491 1429 3526 aves.
1444 3477 1520 3537 Erat,

968 3555 1520 3619 utipssdixitinprincipioSatirae,mosa'ma

379 3639 541 3694 orrentonoqnc
568 3632 654 3691 nepoti
699 3630 774 3677 Mille
799 3631 875 3691 pedes
900 3631 928 3676 in
963 3636 1327 3697 sormidosurumuor‘urnqne.
1349 3634 1520 3695 Accedebant,

373 3713 472 3777 fronte,
490 3715 612 3758 trecentos
629 3711 718 3770 cippis?
735 3710 763 3757 t'n
779 3724 877 3771 assum,
895 3710 930 3756 Et
969 3715 1048 3764 altera
1059 3714 1277 3775 molestlajem.
1303 3715 1520 3778 Ferit-Offirma-

378 3793 464 3839 stabat
480 3794 664 3837 nronrnnentnnr
682 3788 797 3835 brocredes
807 3803 838 3835 ne
848 3801 929 3848 sequa·
970 3794 1014 3841 tim
1032 3808 1117 3850 canes,
1134 3799 1207 3842 antea
1222 3793 1304 3841 locum
1320 3808 1412 3842 vexare
1425 3801 1521 3853 suetae,

379 3874 459 3916 retur.
493 3865 588 3929 cippus
610 3866 684 3913 dabat
705 3871 742 3913 tot
758 3866 832 3928 pedes
850 3864 876 3911 in
893 3879 929 3913 se·
970 3888 1037 3921 nunc
1052 3886 1150 3936 quoque
1168 3873 1369 3921 consuetudinem
1387 3872 1520 3936 pristinam

381 3948 494 4011 pulcrum
505 3945 569 4010 plebi
581 3952 605 3994 θῐ
615 3945 757 4009 ΠθΡθῑῑῦΠθ,
770 3944 856 4008 quales
864 3946 930 3994 Pan·
971 3952 1149 4015 sequebantur,
1167 3959 1191 3999 et
1202 3959 1277 4000 noctu
1287 3952 1314 4000 in
1325 3952 1448 4015 Esquilias
1458 3968 1520 4001 ven·

381 4027 477 4077 tolabus
494 4034 519 4076 ct
535 4028 722 4084 Nomentanus,
740 4032 765 4073 et
781 4025 866 4088 cippus
883 4032 930 4074 ste·
972 4032 1090 4091 titabant,
1108 4038 1232 4080 tentantes
1248 4032 1285 4091 si,
1302 4032 1398 4081 effossis
1414 4032 1455 4081 hic
1469 4033 1521 4082 illic

380 4108 422 4158 bat
446 4116 573 4170 tamquam
599 4113 801 4164 monumentum,
830 4119 862 4153 ne
890 4107 931 4156 isti
971 4112 1120 4159 cadaverum
1138 4110 1257 4173 reliquiis„
1276 4126 1315 4159 res
1331 4111 1520 4174 aliquacibiin-

380 4190 466 4252 pedes,
484 4188 597 4250 sepulcro
613 4184 741 4243 destinati,
758 4200 790 4233 ne
801 4200 931 4234 commune
972 4189 1103 4238 veniretur.
1134 4189 1201 4238 Hinc
1213 4190 1307 4253 Priapo
1318 4205 1382 4239 nova
1392 4204 1466 4248 eura,
1477 4206 1521 4241 no-

382 4268 443 4316 illnd
475 4266 617 4331 sepulcrum
648 4263 749 4312 heredes
779 4272 931 4326 sequeretur.
950 4294 952 4301 ν
973 4284 1019 4316 rus
1044 4268 1120 4318 labor.
1156 4271 1250 4319 Suetus
1274 4271 1304 4318 de
1323 4270 1392 4334 seris
1416 4271 1521 4329 dicitur,

382 4348 528 4397 Formulam
539 4347 571 4396 H.
585 4346 622 4395 M.
635 4344 669 4393 H.
680 4343 713 4392 N.
726 4342 752 4393 S.
763 4343 838 4391 multi
849 4357 931 4410 enem-
973 4362 1021 4395 non
1039 4348 1100 4396 adeo
1116 4349 1147 4397 de
1164 4352 1264 4408 ovibus,
1286 4350 1388 4399 minime
1408 4351 1440 4400 de
1449 4353 1522 4413 suri·

382 4429 428 4492 plis
448 4429 649 4483 illustraverunt,
674 4424 700 4471 in
726 4422 764 4471 his
788 4423 931 4472 Brissonius
950 4441 952 4486 ξ
972 4429 1022 4474 bns.
1057 4427 1126 4476 Nihil
1143 4429 1390 4492 eniminEsquiliis,
1406 4430 1522 4493 sepulcro

382 4525 406 4572 p.
423 4510 479 4558 680.
496 4507 539 4571 qui
556 4512 580 4555 ct
591 4505 694 4553 alteram
706 4502 832 4564 exposuit:
848 4503 881 4551 H.
894 4504 930 4553 M.
972 4505 1074 4554 miseras
1091 4507 1181 4570 plebis,
1198 4517 1263 4568 erat,
1281 4511 1347 4573 quod
1364 4509 1432 4558 fures
1449 4526 1521 4573 prae·

383 4588 409 4639 S.
427 4588 453 4638 S.
470 4588 503 4637 Η.
521 4587 553 4636 Ν.
571 4585 596 4635 S.
614 4590 704 4647 putans
721 4595 784 4630 esse:
808 4584 866 4632 Hoc
884 4600 930 4632 nso·
950 4582 952 4599 ¹
971 4585 1095 4635 darentur.
1130 4588 1260 4646 Horatius,
1286 4590 1372 4646 oredo,
1396 4605 1456 4639 aces
1480 4591 1521 4639 hic

383 4675 530 4719 aramentum
546 4668 598 4715 sice
613 4665 763 4726 emulorum.
797 4663 828 4710 In
851 4661 930 4710 Hora·
970 4664 1084 4714 omittere
1100 4680 1150 4714 non
1166 4668 1254 4730 potuit.
1279 4666 1396 4731 Suspicor
1409 4670 1522 4719 uolucres

382 4750 418 4798 tio
442 4760 506 4797 certe
531 4749 716 4795 monumentum
741 4748 765 4788 et
787 4743 929 4804 sepulcrum
971 4750 1028 4791 ante
1038 4745 1162 4809 furesque
1178 4753 1278 4809 propter
1292 4746 1479 4797 similitudinem
1492 4749 1520 4799 li·
