3750 5759
823 673 1003 737 LIBER
1049 675 1091 738 ll.

432 862 613 929 Decurrens
638 861 718 943 alin,
744 883 848 948 neque
871 862 900 928 si
923 862 1020 927 bene:
1045 885 1109 948 quo
1132 864 1186 947 fit,
1211 872 1249 929 ut
1273 865 1379 931 omnis

430 965 552 1031 Votiva
573 970 686 1051 pateat
707 965 810 1030 veluti
835 965 998 1051 descripta
1021 967 1143 1033 tabella

429 1069 509 1135 Vita
532 1069 627 1135 senis.
677 1068 800 1154 Sequor
822 1069 925 1152 hunc,
951 1070 1102 1137 Lucanus
1127 1095 1169 1137 an
1192 1074 1357 1160 Appulus,
1382 1095 1520 1159 anceps:

388 1196 422 1248 his
444 1196 578 1263 exemplis,
603 1199 635 1247 ad
656 1198 851 1248 confirmandam
867 1197 933 1247 simi·
974 1199 1014 1248 cni
1031 1201 1072 1250 vel
1089 1202 1146 1252 bene
1161 1203 1201 1252 vel
1214 1205 1279 1254 mule
1290 1206 1377 1265 cedat,
1395 1205 1460 1268 quod
1473 1204 1521 1253 sor-

386 1274 433 1328 lem
449 1280 645 1328 emendationem
661 1278 760 1328 Heinsii
778 1278 805 1328 iu
821 1277 934 1336 Velleio,
974 1287 1050 1328 tunae
1076 1282 1157 1343 potius
1179 1297 1255 1346 quam
1276 1297 1395 1347 personae
1416 1284 1522 1332 adscribi

386 1362 408 1405 et
429 1358 513 1407 sordes
535 1358 595 1406 istas
616 1358 725 1406 cadentis
745 1356 889 1406 Latinitatis
907 1357 934 1405 in
974 1359 1057 1420 debet3
1075 1368 1103 1409 nt
1119 1363 1232 1411 omittam
1250 1364 1279 1412 τὸ
1296 1369 1468 1413 cesseratuon
1483 1378 1521 1412 sa-

386 1433 456 1484 banis
479 1436 638 1500 scriptoribus
654 1451 706 1484 nou
722 1450 775 1484 esse
792 1434 932 1483 tolerandas
973 1438 1005 1487 tis
1027 1446 1084 1503 apte
1104 1455 1176 1504 posse
1197 1443 1376 1491 accommodari
1395 1446 1432 1508 τῷ
1448 1460 1520 1493 arca·

381 1514 486 1565 iudicat.
521 1516 640 1565 Horatius
664 1515 742 1577 igitur
762 1528 813 1563 non
834 1515 932 1577 scripsit
972 1520 1024 1577 uic,
1047 1533 1111 1582 qnae
1133 1522 1192 1570 bene
1213 1529 1283 1585 gesta
1303 1521 1380 1571 vitam
1397 1537 1520 1573 commen·

380 1596 405 1642 ei
431 1597 510 1653 saule,
527 1597 553 1644 si
574 1598 633 1645 bete
652 1600 772 1658 perierat.
806 1594 933 1643 Potuisset
972 1599 1050 1659 dant,
1077 1606 1179 1659 eontra,
1207 1604 1232 1649 ai
1259 1604 1350 1652 male.“
1391 1602 1520 1655 Differrmt

378 1688 416 1721 ex
445 1689 515 1723 more
539 1675 648 1723 Latino:
682 1676 768 1737 Neque
791 1688 843 1721 rem
867 1675 933 1723 mule
972 1678 1076 1728 scilieet:
1101 1693 1132 1727 ea
1153 1694 1192 1728 res
1215 1680 1277 1729 mihi
1298 1684 1470 1744 antecessit,
1494 1693 1520 1735 et

372 1761 496 1817 qesaerut
512 1770 619 1819 usquam
645 1756 793 1804 Decurrena
810 1755 874 1812 alio,
891 1769 932 1802 ne·
971 1773 1026 1807 eam
1043 1774 1096 1807 rem
1113 1763 1179 1809 ciale
1193 1764 1264 1824 pessi.
1299 1762 1519 1815 Difficultasineo

372 1849 429 1897 que
451 1834 477 1883 si
498 1836 564 1884 bute.
597 1832 649 1883 Ubi
670 1832 697 1881 in
718 1834 801 1897 priore
821 1832 932 1881 membro
971 1839 1088 1897 vertitur,
1105 1841 1171 1902 qnod
1187 1842 1253 1891 male
1267 1845 1330 1905 pessi
1345 1845 1519 1896 nonabsolnta

368 1926 414 1962 ex
438 1914 551 1978 sequenti
577 1913 707 1977 repetitur:
734 1927 812 1975 neque
835 1913 858 1961 ei
879 1927 932 1961 cent
971 1917 1078 1979 ponitur.
1112 1918 1178 1966 Mihi
1194 1918 1327 1983 legandum
1345 1922 1455 1973 videtur:
1477 1943 1517 1977 ue·

370 1996 442 2044 bate
466 1998 584 2057 eesserat.
619 1993 669 2043 Sed
693 1993 758 2041 illud
782 1992 931 2050 sententiae,
970 2011 1018 2057 que
1039 2012 1066 2047 ae
1082 2000 1148 2047 male
1162 2006 1274 2061 qesserat
1290 2016 1398 2065 usquam
1422 2003 1517 2054 Decur-

368 2088 446 2138 quae
473 2074 513 2123 hic
538 2075 685 2139 requiritur,
709 2090 760 2124 non
780 2074 930 2123 conveniret.
971 2091 1030 2126 rens
1046 2078 1109 2137 ulio,
1126 2092 1206 2141 aeque
1221 2080 1244 2127 si
1261 2082 1326 2129 bene.

367 2154 515 2205 Bentleius
537 2170 594 2203 cum
611 2155 736 2204 Lambino
757 2154 866 2217 reposuit
882 2169 931 2203 ces·
1004 2155 1117 2206 Lucilius
1129 2156 1233 2207 faciebat
1244 2157 1302 2218 fere,
1316 2162 1381 2223 quod
1395 2160 1517 2214 faciebant

365 2241 463 2294 snat,
490 2234 516 2285 iu
538 2236 685 2300 quibusdam
707 2235 779 2284 editis
800 2234 930 2283 inventum
971 2235 1154 2300 Pythagorasi,
1170 2237 1213 2301 qui
1228 2252 1278 2286 nou
1290 2240 1517 2302 dormiebant,nisi

366 2323 403 2365 et
420 2315 455 2364 ab
472 2316 576 2366 Heinsio
592 2318 804 2374 commendatum,
824 2322 849 2363 et
865 2315 930 2363 illud
971 2330 998 2364 se
1022 2316 1069 2381 ipsi
1092 2318 1298 2381 interrogassent:
1325 2323 1362 2380 πῆ
1388 2321 1517 2386 trapideus

366 2397 572 2459 interpretatur:
594 2410 716 2460 nusquam
739 2395 801 2452 alio,
822 2401 929 2457 praeter·
971 2395 996 2445 τί
1013 2394 1035 2445 δ’
1045 2397 1132 2461 ἔρεξας
1150 2397 1175 2446 τί
1191 2415 1234 2462 μοι
1251 2396 1309 2447 δέον
1326 2400 1371 2448 οὐκ
1386 2400 1516 2463 ἐτελέσθης

368 2490 457 2539 quam
475 2477 507 2524 ad
523 2476 599 2525 libros
616 2477 762 2532 decurrens,
778 2474 930 2524 seubeueei
970 2475 1019 2534 sie,
1043 2476 1078 2524 ait
1102 2476 1186 2539 polita:
1212 2475 1283 2525 δειλὰ
1306 2479 1355 2541 μὲν
1380 2479 1515 2545 tarpeiae,

369 2562 489 2605 cesserat
505 2558 532 2606 iu
548 2558 688 2615 scribendo,
705 2570 749 2604 seu
766 2555 839 2605 mala.
863 2555 929 2617 Quo·
971 2554 1138 2614 ἐπιπλήσσω·
1157 2558 1257 2619 χρηστὰ
1275 2556 1309 2615 tt,
1325 2555 1428 2621 τέρπου.
1447 2558 1475 2609 Si
1491 2566 1516 2608 te

372 2636 418 2685 vis
437 2636 480 2685 ille
497 2637 537 2685 die
548 2637 654 2685 scribere
666 2636 777 2695 amabat,
793 2637 845 2684 sive
857 2642 928 2698 aptus
969 2633 1034 2682 male
1060 2634 1176 2698 gesseris,
1201 2634 1269 2695 dole,
1293 2636 1314 2683 si
1330 2636 1406 2696 bena,
1426 2641 1514 2702 gaude.

371 2722 436 2765 tum
457 2716 490 2765 ad
511 2716 633 2772 studium,
658 2730 715 2775 seu,
738 2721 767 2764 nt
788 2728 861 2777 saepe
881 2728 929 2763 nsu
970 2711 1039 2761 Haec
1055 2713 1098 2762 ille
1115 2715 1141 2762 in
1157 2714 1233 2763 libros
1243 2715 1413 2774 transferebat,
1425 2733 1516 2769 arcana

372 2796 462 2855 uenit,
480 2795 598 2859 ineptior,
616 2809 660 2843 seu
677 2795 758 2844 Musis
775 2794 928 2854 faventibus,
969 2791 1028 2851 ista,
1045 2808 1109 2856 qnae
1125 2794 1170 2841 alii
1186 2794 1271 2842 amicis
1287 2795 1416 2856 fidelibus,
1432 2800 1514 2848 crede·

375 2890 423 2926 seu
441 2877 543 2925 aversis.
568 2876 623 2924 Vix
639 2877 713 2925 credo
729 2876 863 2925 Horatium
881 2877 929 2925 ista
969 2871 1012 2920 bat
1035 2871 1113 2922 libris.
1154 2873 1221 2922 Hinc
1251 2875 1329 2937 igitur
1356 2878 1437 2926 omnis
1461 2879 1515 2928 vita

375 2958 410 3006 de
426 2957 526 3007 Lucilio
543 2957 619 3005 firisse
635 2956 767 3005 dicturum.
801 2956 869 3005 Nam
886 2956 928 3019 qni
968 2951 1060 3001 Lucilii
1076 2954 1247 3017 cognoscitur,
1266 2968 1310 3003 seu
1331 2965 1396 3006 recte
1417 2972 1461 3006 seu
1477 2974 1514 3009 se·

376 3037 507 3087 Lucilium
523 3038 559 3086 ita
575 3036 746 3101 reprehendit,
762 3043 791 3085 ut
807 3035 927 3085 Horatius
968 3046 1011 3080 cus
1039 3033 1101 3097 qnid
1128 3034 1235 3097 egisset,
1262 3034 1352 3098 quibus
1380 3037 1513 3087 virtutibus

377 3132 438 3167 eum
455 3118 626 3183 reprehendit,
642 3118 662 3166 ie
678 3131 769 3181 ponere
780 3131 829 3166 non
841 3125 927 3180 potest,
968 3113 1079 3163 modeste
1095 3115 1203 3178 gaudere
1219 3124 1313 3178 posset,
1329 3131 1393 3180 quae
1403 3118 1465 3166 vitia
1476 3134 1513 3168 re-

379 3199 457 3249 talem
475 3202 573 3264 poitam
590 3215 700 3263 unquam
714 3206 822 3262 putasse,
840 3199 927 3247 Musas
967 3193 1118 3255 prehendere
1126 3194 1233 3244 deberet.
1259 3195 1287 3247 Si
1297 3197 1357 3260 quid
1367 3199 1390 3246 ei
1400 3213 1514 3263 prospere

379 3278 426 3327 sibi
441 3294 492 3328 non
510 3280 602 3329 favere,
635 3280 763 3329 Ducentos
781 3292 853 3341 saepe
870 3293 925 3327 ver.
967 3287 1012 3321 Seu
1029 3274 1159 3323 infeliciter
1175 3284 1293 3336 cesserat,
1310 3277 1356 3325 hoc
1373 3292 1422 3328 11011
1438 3282 1513 3342 perti·

380 3371 421 3407 aas
437 3366 506 3408 stans
522 3360 584 3423 pede
601 3359 628 3407 in
640 3372 691 3406 uno
705 3356 816 3406 faciebat.
842 3357 926 3420 Apsus
968 3358 1010 3400 net
1027 3354 1059 3401 au
1075 3370 1185 3413 areana,
1207 3361 1231 3402 er
1248 3354 1293 3403 alu
1308 3370 1406 3420 quoque
1422 3371 1511 3422 cogno-

380 3440 412 3489 ud
428 3440 539 3489 studium
555 3454 589 3487 an
605 3438 687 3487 minus
704 3444 776 3499 aptus
794 3442 858 3485 esset
874 3437 926 3485 Lu·
968 3439 1051 3491 scunt,
1076 3433 1173 3482 Lucilio
1198 3440 1301 3484 tacente.
1340 3436 1460 3486 Horatius
1485 3439 1511 3487 in

380 3518 458 3579 cilius,
475 3534 561 3568 versus
579 3518 751 3574 nascebantur,
763 3517 838 3579 inque
850 3516 925 3567 libros
967 3527 996 3562 eo
1012 3513 1137 3563 Lucilium
1155 3513 1275 3563 imitatur.
1309 3513 1395 3564 Credit
1413 3516 1511 3566 Sermo·

380 3598 554 3649 referebantur.
576 3599 663 3662 Atque
674 3597 708 3646 iu
719 3596 863 3660 poscebatur
874 3611 925 3646 ma·
967 3592 1040 3660 nibus
1062 3600 1087 3641 et
1104 3594 1222 3657 Epistolis
1240 3609 1343 3653 arcana,
1367 3594 1470 3644 virtutes
1487 3606 1511 3646 et

380 3679 417 3742 gie
434 3682 530 3730 eederet
546 3693 622 3742 quem
638 3682 752 3726 seems,
786 3674 856 3725 Illud
878 3692 926 3727 θρε-
967 3672 1040 3731 vitia,
1057 3673 1144 3721 laudat
1160 3688 1187 3722 se
1203 3680 1228 3722 et
1238 3673 1376 3737 vituperat,
1390 3676 1455 3738 quod
1467 3677 1511 3724 alii

379 3766 448 3809 aaut
465 3760 543 3823 vulgo
561 3757 731 3822 exponebant:
757 3757 810 3806 sive
826 3758 885 3820 quid
902 3757 926 3806 ei
966 3767 1016 3801 non
1033 3752 1139 3811 faciunt,
1160 3754 1210 3802 nisi
1226 3755 1292 3817 apud
1308 3769 1381 3803 aures
1398 3754 1510 3805 fidelium

378 3839 442 3889 male
460 3845 587 3898 evenerat,
610 3839 663 3888 sive
682 3851 811 3901 prospere,
833 3838 924 3887 chartis
966 3832 1111 3881 amicorum.
1144 3834 1302 3897 Apparerct,
1327 3835 1412 3894 credo,
1437 3836 1511 3885 Luci·

378 3919 428 3969 suis
446 3919 622 3969 committebat.
648 3919 692 3967 Ad
709 3917 770 3965 haec
784 3916 923 3966 Bentleius:
965 3912 1029 3960 lium
1048 3912 1084 3959 ita
1106 3912 1197 3974 emese,
1219 3912 1240 3961 si
1257 3912 1349 3975 scripta
1365 3914 1510 3965 haberemus

379 4013 482 4062 „nempe
499 3998 545 4047 hoc
561 4005 633 4061 paeto
650 3997 735 4045 eadem
752 3996 924 4045 reditsenten-
965 3992 1070 4055 integra.
1109 3990 1270 4041 Contrarium
1295 4007 1327 4040 ex
1352 3993 1510 4057 Fragmentis

378 4079 425 4139 tia,
441 4093 518 4142 quam
535 4076 661 4141 Oruqnius
674 4076 869 4140 Torrentiusque
881 4092 923 4124 vo·
964 4071 1061 4133 probari
1077 4086 1129 4120 nou
1147 4078 1234 4135 potest.

377 4158 456 4207 lunt.“
490 4156 617 4222 Cruqnius
640 4170 671 4203 an
691 4156 726 4203 sic
743 4155 862 4214 volucrit,
879 4158 923 4204 du·
997 4152 1115 4200 Lucanus
1131 4168 1166 4199 au
1183 4154 1314 4215 Appulus,
1332 4168 1430 4213 auceps.
1457 4154 1510 4204 Cur

376 4237 435 4287 bito.
468 4236 620 4286 Annotavit:
639 4236 742 4297 „Neque
757 4236 781 4282 ei
797 4237 923 4298 asclepas·
964 4232 1013 4279 ista
1029 4232 1059 4280 de
1075 4245 1101 4279 se
1118 4231 1223 4279 adiecit?
1255 4232 1332 4290 Vult,
1349 4234 1433 4280 credo:
1458 4235 1509 4283 Ve-

376 4324 453 4367 nerat.
489 4316 531 4367 Sic
551 4314 642 4363 habent
664 4328 749 4362 omnes
771 4314 856 4377 scripti
876 4313 922 4364 Oo-
965 4312 1069 4359 nusinus
1085 4326 1154 4370 sum,
1170 4326 1235 4359 unus
1252 4311 1283 4359 de
1299 4310 1402 4370 colonis,
1413 4311 1440 4359 in
1452 4327 1508 4361 con·

378 4396 452 4455 diees,
470 4403 495 4445 et
512 4396 627 4445 existimo
643 4409 694 4442 non
712 4408 764 4443 esse
781 4393 922 4443 inferiorem
965 4391 1024 4439 linia
1040 4391 1167 4440 Lucaniae
1183 4398 1209 4439 et
1225 4390 1353 4453 Appuliae
1369 4390 1463 4448 missis,
1479 4400 1509 4439 nt

377 4475 454 4525 altera
478 4475 595 4533 lectione,
621 4488 684 4537 qnae
708 4472 781 4521 babet
806 4481 922 4523 cesserat.
964 4470 1057 4519 bellum
1075 4476 1199 4529 arcerent,
1216 4483 1266 4517 non
1282 4469 1409 4518 inferrent.
1439 4471 1508 4533 Ergo

376 4555 443 4604 Nam
460 4570 492 4604 ex
509 4569 552 4611 eo,
569 4554 633 4617 quod
650 4554 704 4617 quis
722 4552 784 4601 bene
801 4554 841 4601 vel
858 4554 923 4602 male
964 4564 1047 4600 ensem
1065 4550 1092 4597 in
1110 4549 1202 4613 vagina
1217 4555 1301 4607 teneo,
1319 4548 1339 4595 si
1355 4562 1406 4596 ιιοιι
1417 4548 1509 4599 iniuste

377 4635 465 4698 gessit,
479 4636 531 4684 eius
541 4634 593 4683 vita
604 4633 679 4682 laude
691 4632 732 4681 vel
743 4633 922 4696 vituperatione
964 4644 1089 4695 provocor.

377 4715 453 4777 digna
469 4715 592 4765 censenda
609 4719 658 4769 est,
671 4726 725 4760 ‘non
739 4711 809 4771 item,
827 4713 922 4776 siquid
997 4710 1161 4759 Dodorlinus:
1180 4711 1265 4772 ,‚Ego,
1282 4718 1356 4759 natus
1373 4711 1508 4768 Venusiae,
