3750 5759
738 721 763 782 1.
810 737 935 784 surina
962 737 999 792 11,
1024 739 1075 784 111.
1393 721 1454 783 179

378 906 407 954 Ρ.
424 906 449 953 9.
482 907 569 955 Pictis
585 911 686 954 tautum
701 908 811 970 eandm
831 907 939 955 tabellis.
972 904 1054 954 Acro:
1077 904 1228 967 „Eleganter
1249 904 1309 954 mles
1325 905 1361 953 ait
1376 905 1457 953 avaris

328 1000 381 1034 esse
396 985 506 1044 divitias,
523 999 553 1033 ao
568 985 589 1032 si
605 985 683 1048 pintan
698 985 748 1033 sint
764 991 873 1044 tantum,
896 999 960 1048 quae
975 1000 1019 1049 por
1040 985 1173 1033 avaritiam
1194 986 1264 1049 tangi
1281 999 1331 1033 non
1347 991 1457 1048 possunt.

328 1065 395 1127 Quid
411 1067 513 1115 interest
529 1065 594 1114 inter
609 1064 782 1114 abstinentiam
799 1071 825 1115 st
840 1065 974 1129 picturam,
991 1067 1039 1115 nisi
1050 1073 1079 1114 ut
1089 1079 1138 1114 usu
1149 1070 1245 1114 tantum
1257 1064 1378 1114 ustrou
1395 1065 1458 1114 For·

327 1153 392 1194 tasse
408 1145 516 1210 scripsit:
534 1145 572 1204 „si
587 1151 692 1210 unaque
707 1145 765 1194 visu
781 1151 878 1194 tantum
894 1144 1007 1195 fruaris.“

376 1226 407 1275 Ρ.
426 1227 465 1276 10.
497 1227 554 1274 Aut
569 1227 636 1273 alius
651 1241 723 1274 canae
739 1228 807 1274 tecto.
841 1224 919 1284 Sunt,
934 1225 978 1288 qui
994 1223 1082 1273 malint
1098 1212 1145 1272 au't
1161 1223 1230 1272 aliua
1246 1225 1308 1274 lecto
1324 1237 1406 1273 eamn.
1425 1223 1457 1273 In

329 1304 368 1352 his
378 1303 479 1353 Curtius
497 1305 528 1352 ad
545 1304 639 1354 Lnoan.
656 1304 679 1353 Ι.
699 1304 752 1355 137.
769 1303 813 1352 ubi
828 1302 908 1352 multa
923 1303 1040 1366 exempla
1055 1302 1126 1352 affort
1143 1301 1257 1351 adieetivi
1273 1302 1309 1350 ito
1324 1303 1458 1366 separatio

326 1383 481 1432 substantivo
498 1399 551 1433 suo.

377 1464 407 1512 P.
426 1465 464 1513 14.
503 1465 576 1512 Unde
590 1464 656 1512 enim
676 1461 802 1512 &acaum
816 1463 977 1525 proverbium
993 1463 1024 1512 de
1040 1462 1164 1510 Romanis
1179 1460 1261 1510 istie?
1292 1461 1457 1510 Proverbium

328 1542 451 1593 Graecum
480 1549 534 1591 erat
549 1543 565 1602 ὴ
582 1540 689 1591 ercitum
704 1541 721 1601 ἢ
738 1540 856 1602 animae.
889 1542 945 1590 Hoc
965 1541 1028 1591 bono
1048 1540 1163 1604 Paulyus
1184 1539 1264 1590 effecit
1286 1554 1319 1588 ox
1339 1540 1458 1604 oorruptis

328 1622 518 1687 Porphyrionis:
538 1620 801 1683 ἥσπαδωνικήλὴθη.

376 1702 399 1750 P
427 1703 464 1752 14.
497 1703 673 1751 Praeteritum
691 1706 800 1750 temmm
811 1704 933 1749 extremae
944 1702 1013 1747 inter
1024 1704 1130 1748 euntem.
1152 1698 1258 1760 Quintil.
1267 1699 1329 1749 Inst.
1342 1696 1411 1748 Orat.
1424 1697 1458 1746 X.

326 1795 345 1829 1.
362 1782 402 1830 86.
430 1783 509 1841 Quem
527 1783 637 1830 Homero
653 1781 764 1829 crederet
780 1779 889 1827 maxima
904 1779 1034 1835 accedere,
1050 1781 1186 1838 secundus,
1202 1781 1299 1842 inquit,
1319 1784 1358 1828 eat
1379 1779 1460 1842 Virqi·

328 1863 391 1920 tias,
407 1863 512 1924 propior
528 1866 612 1910 tamen
626 1862 710 1923 priato
726 1875 802 1922 quam
820 1859 902 1908 tertio.

760 2039 794 2081 1.
830 2027 969 2079 SATIRA
995 2029 1034 2079 ΙΙ.

377 2172 411 2222 Ρ.
431 2174 468 2225 17.
502 2175 612 2224 Faustae
639 2174 765 2222 Paetittoa
781 2172 897 2236 Rufillus
912 2175 970 2222 olet.
1002 2173 1103 2222 Mutata
1117 2172 1251 2222 vorborum
1266 2171 1391 2223 distinctio
1407 2187 1462 2222 oen-

328 2252 393 2301 tonis
409 2260 522 2302 veteram
536 2253 597 2303 locis
614 2254 695 2303 luoam
711 2253 847 2302 etiamnum
863 2252 991 2302 effundero
1008 2260 1096 2316 potest.
1130 2253 1255 2316 Exemplo
1275 2253 1326 2303 sint
1346 2253 1387 2303 vel
1403 2253 1463 2302 haec

329 2332 399 2381 Livii
415 2333 502 2383 XLII.
518 2335 558 2383 62.
576 2337 667 2398 Leyati
683 2336 718 2383 ad
735 2334 868 2384 Consulem
884 2336 964 2390 mitti,
981 2336 1093 2385 autum
1102 2333 1237 2397 frequenti
1252 2334 1362 2393 tmteila'o,
1378 2334 1464 2381 auditi

328 2419 399 2461 sunt.
424 2415 519 2463 Pacem
540 2420 639 2477 petere,
663 2415 782 2477 seatium,
807 2419 932 2477 quantum
959 2415 1101 2476 Philippaa
1117 2419 1212 2475 paetus
1237 2419 1318 2470 astet,
1342 2415 1464 2462 daturum

331 2495 427 2542 Peraea
444 2494 570 2543 Romania
590 2494 743 2556 pollicentes.
773 2494 884 2542 Urtitam
908 2493 979 2554 aeris
1001 2493 1121 2555 locisque,
1145 2494 1237 2554 quibua
1259 2493 1399 2555 Philippus
1414 2505 1463 2541 oea-

331 2573 419 2630 aieset,
446 2587 572 2622 uenturum
586 2575 709 2636 primurn.
741 2574 815 2622 Haeo
831 2573 916 2636 leonti.
950 2571 1068 2634 Sigonius
1085 2570 1155 2620 vult:
1183 2586 1310 2622 cessurum
1327 2575 1463 2622 Perseum.-

332 2651 487 2710 Gronovius,
504 2668 629 2703 casurum
646 2658 671 2702 et
686 2653 783 2716 ipsum:
800 2651 960 2709 Perizonius,
977 2654 1189 2715 quamprimum:
1207 2660 1266 2716 ogo,
1282 2653 1385 2702 urbibus
1396 2653 1464 2715 aprio

332 2734 454 2795 lacuque,
470 2735 561 2796 quibui
579 2734 718 2795 Philippus
734 2733 858 2790 amauset,
876 2744 1011 2781 tecturam.
1033 2732 1154 2779 Primum
1171 2731 1231 2780 haee
1247 2731 1332 2793 lopati.
1355 2729 1463 2795 Sequen-

332 2813 368 2861 tia
383 2813 531 2863 confirmant
547 2812 726 2862 oonieoturam:
744 2814 853 2862 Peroeua
874 2826 999 2860 eummom
1017 2812 1140 2873 manniae
1161 2824 1265 2873 naemu,
1286 2811 1310 2859 oi
1323 2811 1406 2874 pretio
1418 2825 1465 2873 pa·

332 2911 385 2945 aem
408 2910 487 2944 emere
501 2899 597 2956 posset,
622 2909 672 2943 aon
692 2893 795 2942 destitit
819 2894 933 2941 animum
958 2891 1064 2940 consulit
1085 2895 1190 2939 tentare.
1224 2888 1331 2940 Persona
1356 2890 1402 2938 hoo
1421 2901 1466 2952 per

333 2973 428 3037 lagatos
449 2973 546 3037 agebat.
580 2972 670 3037 Legati
690 2986 750 3036 argo
769 2973 881 3036 primum
897 2972 971 3020 haee:
988 2969 1077 3019 deinde
1093 2969 1198 3032 pretium
1214 2969 1345 3033 augebant.
1369 2969 1467 3017 Deinde

335 3055 361 3103 in
377 3055 423 3102 tali
442 3069 469 3103 re
485 3068 558 3117 saepo
573 3053 702 3103 omittitur.
731 3051 799 3101 Vide
816 3051 915 3100 Manut.
938 3051 971 3098 nl
990 3049 1115 3100 Ciceronis
1135 3050 1215 3113 Epist
1229 3049 1321 3100 Pamil.
1340 3049 1378 3099 11.
1395 3061 1434 3098 1x.

382 3135 470 3187 Ρ.17.
505 3135 547 3182 Aa
569 3135 646 3182 iatam
662 3133 785 3182 rationem
808 3131 929 3181 sententia
945 3130 987 3178 dia
1004 3129 1107 3180 Catonis
1123 3130 1217 3193 referri
1232 3145 1283 3180 aaa
1296 3134 1388 3193 potest.
1412 3127 1467 3178 Not

334 3214 397 3263 bene
417 3214 502 3262 retulit
528 3213 723 3277 Cannegietorna
747 3212 774 3260 in
800 3211 934 3275 Resariptis
955 3210 1102 3260 Boxhornio
1122 3208 1148 3258 in
1169 3209 1235 3260 Dist
1252 3208 1356 3261 Catonis
1370 3224 1394 3272 p.
1410 3207 1467 3259 301.

334 3295 374 3342 ed.
391 3293 513 3343 Amtaon.

384 3373 415 3423 P.
435 3374 473 3425 18.
507 3373 623 3422 Incaluit
638 3372 735 3437 quoties
750 3370 838 3421 amem
854 3384 917 3418 verta
938 3383 1013 3419 mmo.
1047 3365 1119 3418 eoin.
1141 3367 1229 3416 Burm.
1250 3367 1277 3416 in
1298 3366 1403 3416 AnthoL
1419 3365 1469 3415 La·

335 3453 388 3500 tina
404 3454 435 3502 T.
453 3452 489 3502 11.
525 3454 607 3505 ‚592

384 3533 415 3582 Ρ.
435 3534 472 3583 19.
507 3470 626 3581 intem
642 3529 761 3579 adiective
777 3541 823 3590 pro
840 3527 986 3576 nutatione.
1018 3525 1052 3575 In
1068 3523 1173 3574 AnthoL
1184 3525 1272 3574 Barm.
1290 3524 1321 3574 Τ.
1330 3523 1400 3587 11.p.
1411 3522 1468 3576 697·

335 3613 428 3676 legitur
445 3613 544 3662 moecha
560 3612 685 3674 sepulcra.
718 3607 869 3670 Exemplum
889 3612 974 3655 tamen
990 3605 1049 3654 fidei
1066 3618 1117 3654 non
1133 3611 1221 3655 oertae.

383 3694 414 3743 P.
430 3693 471 3742 20.
506 3693 586 3740 Fama
603 3692 697 3740 malum
713 3689 816 3751 manius
837 3701 912 3750 quam
928 3687 1047 3738 rettulit.
1081 3685 1172 3737 Livius
1190 3682 1322 3736 XXXIX.
1340 3685 1364 3733 9.
1396 3684 1470 3734 flate

335 3775 485 3824 monetam
499 3773 576 3820 iuata
591 3771 748 3821 uiaimtatem
763 3783 821 3817 aum
842 3765 1032 3829 Aebutiofuit,
1053 3765 1154 3818 mutem
1179 3765 1340 3816 mammea
1360 3768 1408 3813 out
1432 3764 1471 3813 rei

336 3860 384 3902 aut
393 3853 484 3916 famae
499 3853 628 3902 damnosa.

385 3933 416 3982 P.
432 3932 473 3981 26.
507 3932 625 3981 Aualiier.
657 3928 727 3981 Gora
743 3927 775 3975 ad
791 3926 888 3977 Lucan.
905 3925 955 3975 VI.
972 3923 1029 3975 ost.
1051 3923 1186 3988 legandum
1201 3929 1273 3988 putat
1296 3923 1419 3972 avertier:
1446 3925 1471 3968 at

337 4026 399 4060 mox
414 4027 459 4075 pro
474 4026 546 4076 posse
562 4011 664 4060 duloree'
674 4007 771 4059 mavult
787 4009 895 4063 latores,
913 4006 946 4054 ad
961 4006 1058 4055 Lucan.
1075 4004 1112 4062 ΙΙ.
1129 4004 1186 4056 317.

387 4092 419 4141 Ρ.
435 4091 475 4144 27.
509 4092 623 4140 Detiliat
644 4091 742 4139 matter.
776 4086 845 4138 Coit.
869 4086 900 4134 ad
917 4083 1190 4136 tumulariam
1218 4082 1358 4144 frumento
1374 4084 1470 4130 vetusto

340 4170 443 4234 Cygnoo
459 4171 554 4220 invonit
570 4172 687 4220 dissiliat.

766 4336 799 4377 1.
834 4324 971 4378 SATIRA
996 4323 1046 4373 III.
1149 4367 1153 4374 .

389 4489 420 4538 Ρ.
435 4489 477 4538 29.
511 4489 555 4537 Sia
570 4488 655 4550 ioapar
671 4485 725 4534 etot
758 4483 795 4534 Ut
811 4491 898 4534 aontra
914 4481 1004 4546 aliquis
1025 4480 1114 4531 dieitur
1128 4483 1255 4546 partiti,
1272 4481 1425 4531 illustratum
1441 4479 1473 4529 ab

340 4569 443 4618 Heinsio
459 4568 491 4616 ad
509 4565 593 4617 Ovidii
609 4563 711 4614 Heroid.
723 4562 785 4613 XX.
796 4564 836 4613 62.
869 4563 988 4614 Fortasse
1004 4561 1158 4610 reddendum
1174 4560 1220 4610 hoa
1237 4561 1312 4611 Livio
1330 4559 1421 4609 XXII.
1434 4561 1472 4610 lu.

342 4651 437 4698 Fabium
450 4649 551 4710 pariter
571 4647 599 4694 in
619 4659 677 4694 tuas
699 4645 768 4692 haud
788 4645 871 4693 minua
886 4658 963 4706 quam
979 4643 1007 4690 ia
1023 4643 1103 4691 hortea
1119 4642 1245 4700 intentus,
1268 4644 1344 4704 priua
1366 4642 1398 4688 ab
1418 4641 1473 4694 iltis

339 4729 460 4777 maetam
476 4729 588 4776 animum
603 4729 728 4788 praedat.
765 4724 924 4786 Quamquam
938 4724 1015 4786 probe
1030 4723 1079 4770 seit
1094 4736 1144 4770 nott
1160 4722 1188 4770 in
1209 4722 1303 4771 caetris
1319 4722 1389 4771 modo
1404 4722 1472 4776 ouis,

1245 4801 1316 4864 12*
