3750 5759
828 727 880 790 lil
899 728 922 790 a
938 729 965 792 ll
981 730 1009 793 lt
1057 731 1081 794 Ι.
1481 740 1521 800 tt

378 909 464 958 terent.
482 909 559 960 Sicuti
577 925 601 958 v.
618 925 639 959 c.
657 911 719 959 fabri
737 911 837 974 lignarii
854 929 927 976 opera
969 930 1028 974 nus,
1045 917 1077 963 sit
1094 923 1151 964 tuus
1172 917 1252 975 labor,
1279 920 1357 983 digna
1380 928 1417 968 est
1443 931 1518 970 mate-

377 998 436 1038 sunt
452 1006 566 1050 scanraa,
580 993 688 1053 Priapi,
701 990 735 1038 ita
747 992 878 1055 Tarquinii
890 1008 926 1042 re·
968 996 1026 1044 ries:
1049 996 1115 1043 hunc
1137 997 1271 1046 interficere
1288 1006 1404 1061 conparat
1419 1001 1518 1064 profes·

377 1083 433 1132 ges,
451 1069 473 1118 I.
491 1067 583 1118 Caesar
599 1070 689 1118 sublati
706 1079 763 1118 sunt
774 1087 850 1134 opera
862 1074 927 1121 Bru·
968 1076 1032 1123 stoan
1050 1080 1120 1134 tuae,
1138 1084 1165 1126 ut
1176 1078 1257 1126 verbis
1269 1085 1325 1126 utar
1336 1079 1403 1128 Veli.
1416 1079 1514 1130 Patere.

375 1156 472 1208 torum,
502 1151 614 1198 manibus
641 1152 779 1199 Brutorum
804 1152 925 1201 mnfecta:
968 1154 1004 1203 II.
1021 1156 1060 1206 87.
1094 1156 1210 1204 Fortasse
1221 1159 1301 1221 magis
1313 1161 1450 1208 orationem
1462 1177 1517 1224 poe-

375 1237 436 1278 sunt
458 1219 535 1291 offero
557 1234 639 1292 operta
659 1233 725 1293 quod
742 1231 812 1293 quasi
829 1232 926 1294 profitc-
968 1234 1042 1283 ticam
1059 1238 1173 1288 referret:
1185 1255 1287 1302 opernm
1299 1243 1351 1300 tric,
1363 1243 1426 1289 nuni
1436 1245 1518 1298 crede,

375 1309 475 1358 bantur.
501 1310 596 1358 Brutus
608 1317 690 1358 noster
701 1311 750 1358 iam
762 1312 863 1359 dederat
874 1327 926 1374 spe·
968 1317 1071 1363 tnarnnr
1095 1324 1138 1366 est.
1173 1319 1212 1366 Ita
1237 1319 1356 1367 Horatius
1382 1321 1406 1366 in
1433 1318 1517 1368 Oarm.

374 1389 457 1437 cimen
474 1389 546 1446 artis,
570 1390 698 1437 interfecto
723 1405 781 1452 rege
806 1388 925 1439 Caesare:
947 1380 949 1507 y
969 1391 1104 1443 Saeculari:
1129 1394 1212 1446 Itonia
1228 1402 1250 1447 si
1266 1405 1377 1448 vestram
1394 1406 1431 1448 est
1447 1415 1518 1462 opas.

372 1467 432 1516 Rex
449 1466 564 1529 Rupilius
581 1482 692 1530 quoque,
709 1468 743 1515 ait
760 1468 873 1528 Persius,
891 1479 927 1519 est
969 1471 1110 1523 Ovium.
1137 1477 1239 1526 Metam.
1265 1479 1321 1530 728.
1359 1480 1430 1540 Opus
1458 1481 1517 1528 baec

371 1564 478 1611 opernm
502 1552 619 1606 tnartnn,
646 1549 736 1610 dignus
765 1556 809 1596 tua
837 1565 927 1610 manu,
947 1510 949 1625 l
968 1554 1074 1601 uictoria
1092 1562 1207 1606 nostram
1223 1563 1267 1606 est.
1303 1556 1354 1606 Ubi
1376 1556 1441 1605 male
1459 1563 1516 1606 ante

371 1627 443 1676 hunc
459 1626 530 1675 nobis
547 1626 633 1686 debes,
655 1627 778 1691 hocopus
796 1645 811 1676 a
828 1637 852 1678 tc
869 1633 926 1679 arti-
947 1630 949 1643 '
968 1632 1101 1680 Heinsiurn
1115 1633 1248 1698 legebatur
1265 1651 1326 1698 apua
1338 1639 1388 1686 troc.
1424 1636 1518 1687 Seneca

370 1706 419 1756 tice
436 1714 620 1769 exspectamus,
638 1708 695 1756 Rex
712 1709 758 1756 istc
775 1709 806 1757 sit
818 1718 861 1758 tua
875 1727 925 1758 ma·
967 1711 1045 1773 Epist.
1054 1713 1094 1761 34.
1106 1728 1191 1763 assero
1208 1720 1232 1763 te
1241 1717 1403 1774 irritamenta
1412 1732 1474 1778 opus
1483 1732 1515 1766 aa

867 1884 1029 1906 “⁴⁷2oe-

770 2031 985 2096 SATIRA
1030 2034 1124 2099 VIII.

465 2184 562 2263 Olim
586 2201 719 2261 truncus
743 2219 830 2261 eram
847 2198 1008 2282 ficulnus,
1030 2200 1149 2265 inutile
1170 2201 1317 2287 lignum,

419 2298 529 2378 Quum
551 2299 659 2383 faber,
686 2301 829 2366 Incertus
850 2325 1021 2368 scamnum
1045 2303 1207 2370 faceretne
1232 2306 1404 2392 Priapum,

417 2404 539 2469 Malmt
559 2427 630 2470 esse
653 2406 759 2471 deum.
804 2407 893 2472 Deus
915 2407 992 2471 inde
1016 2429 1094 2505 ego,
1118 2408 1228 2474 furum
1250 2409 1425 2496 aviumque

418 2507 566 2573 Maxima
587 2508 727 2574 formido
738 2536 746 2587 ;
773 2531 852 2574 nam
873 2510 960 2574 fures
982 2510 1096 2576 dextra
1117 2519 1240 2577 coercet

419 2611 650 2697 Obscoenoque
671 2613 767 2678 ruber
789 2620 956 2698 porrectus
979 2615 1020 2679 ab
1041 2615 1179 2701 inguine
1198 2616 1312 2701 palus3

415 2716 481 2780 Ast
502 2716 708 2802 importunas
733 2718 879 2783 volucres
903 2719 937 2782 in
962 2717 1080 2803 pertice
1102 2718 1227 2783 arundo

415 2819 524 2885 Terret
544 2821 613 2885 fixa
631 2825 784 2906 vetatque
805 2822 899 2888 novis
920 2821 1087 2888 considere
1109 2821 1144 2884 in
1167 2821 1282 2886 hortis.

416 2923 492 2988 Huc
517 2925 609 3010 prius
633 2925 785 3009 angustis
808 2926 910 2991 eiecta
934 2927 1091 2991 cadavera
1112 2924 1203 2989 cellis
1280 2966 1283 2971 »

416 3026 600 3093 Conservus
626 3027 686 3091 vili
707 3028 868 3112 portanda
890 3029 1020 3095 locabat
1043 3027 1077 3091 in
1099 3049 1190 3106 arca3

415 3131 488 3196 Hoc
506 3131 645 3196 miserae
666 3131 755 3216 plebi
774 3132 883 3196 stabat
906 3154 1079 3197 commune
1106 3131 1307 3217 sepulcrum,

416 3235 599 3300 Pantolabo
624 3257 751 3300 scurrae
772 3236 1045 3322 Nomentanoque
1072 3235 1193 3321 nepoti.

934 3404 938 3425 ¹
958 3401 1111 3458 conducunt,
1137 3406 1161 3447 et
1182 3399 1300 3462 praebent
1321 3399 1448 3448 funeribus
1470 3415 1510 3449 ne·

958 3479 1087 3527 cessaria.“

456 3470 458 3475 .
528 3427 665 3476 SATIRA
681 3428 758 3475 VIII.

401 3525 526 3608 llffcztatt
541 3573 593 3608 ease
611 3554 702 3607 Deam.
729 3557 820 3606 Nescio
831 3573 864 3606 an
875 3557 918 3605 alii
994 3561 1025 3606 H
1028 3574 1055 3607 ac
1078 3559 1182 3605 miserae
1201 3557 1269 3618 plebi
1284 3558 1370 3604 stabat
1386 3571 1513 3605 conrnune

369 3640 417 3688 tam
445 3638 642 3702 comparaverint
669 3637 716 3685 ista
743 3636 770 3684 in
797 3637 918 3685 Ieremias
957 3642 1107 3702 sepulcrum.
1141 3639 1200 3686 Non
1218 3645 1255 3685 sat
1265 3636 1508 3700 perspicuum,quid

369 3720 447 3783 Epist.
469 3733 506 3767 vs.
527 3719 566 3767 45.
591 3719 621 3766 de
637 3717 776 3766 simulacris
793 3718 917 3776 Deorum,
958 3720 1002 3768 hac
1018 3717 1148 3780 significet.
1184 3717 1252 3766 Tum
1269 3715 1509 3766 Commentatordo-

368 3815 429 3863 qnae
447 3799 498 3850 ὑπὸ
510 3797 633 3848 τεκτόνων
644 3799 686 3846 καὶ
697 3797 846 3862 χρυσοχόων
858 3814 915 3845 κατ·
957 3802 1008 3845 cet:
1026 3813 1058 3856 „a
1073 3797 1167 3859 puteis,
1184 3795 1255 3845 fossis
1273 3797 1304 3844 ad
1317 3796 1459 3858 sepelienda
1471 3811 1509 3845 ca-

369 3877 538 3943 εσκευασμένα
570 3876 643 3927 εἰσίν.
682 3875 755 3925 οὐδὲν
784 3876 849 3923 ἄλλο
879 3875 914 3939 μὴ
957 3876 1050 3924 davera
1065 3889 1216 3938 pauperum,
1233 3875 1510 3925 locusdictusestPu-

368 3957 478 4022 γένηται,
503 3958 521 4018 ἥ
546 3955 559 4006 ὅ
584 3956 726 4019 βούλονται
753 3954 776 4003 oi
802 3955 916 4017 τεχνίται
958 3956 1054 4003 ticati.“
1088 3955 1162 4003 Talia
1179 3955 1292 4018 sepulcre
1308 3956 1511 4018 quomodostare

367 4038 432 4087 αὐτὰ
449 4036 577 4100 γενέσθαι.
610 4036 691 4084 Faber
707 4034 859 4084 Horatianus
883 4035 916 4082 fc-

368 4117 399 4165 cit
415 4117 550 4180 Priapum,
566 4123 590 4164 et
607 4115 717 4164 vendidit
733 4114 780 4174 illi,
797 4115 836 4162 cui
847 4116 916 4164 Mae·

367 4210 438 4246 cenas
449 4212 535 4246 curam
546 4195 715 4259 Esquiliarum
727 4195 753 4242 in
765 4195 850 4243 hortos
862 4209 915 4242 mu-

367 4278 498 4325 tandarum
515 4276 677 4325 commiserat.

399 4357 519 4404 Locabat.
552 4355 719 4412 Libitinariis,
735 4356 819 4411 credo,
837 4362 866 4402 ut
882 4354 915 4403 ef·

367 4432 467 4485 ferrent.
493 4434 587 4484 Seneca
597 4435 678 4497 Epist.
689 4435 729 4483 99.
758 4436 916 4492 Qnaantnnl·

367 4517 399 4563 tie
414 4531 472 4565 anm
488 4518 597 4565 maxime
607 4515 693 4577 funus
710 4518 816 4564 meatur.
848 4513 915 4563 Libi-

367 4593 450 4642 tinarii
466 4595 616 4643 conducant.
649 4595 719 4643 Acro
735 4595 767 4642 ad
785 4594 857 4643 Satir.
875 4595 912 4642 II.

368 4685 403 4720 vr.
428 4675 465 4723 19.
501 4674 563 4732 „Est
582 4673 693 4723 Libitina
713 4673 781 4721 locus
798 4674 824 4721 in
841 4674 915 4733 urbe,

367 4769 414 4815 qno
431 4756 614 4804 constituuntur
625 4755 667 4818 qui
680 4754 803 4803 efferenda
813 4769 916 4817 corpora

957 4035 1092 4083 dicuntur?

995 4117 1139 4164 Pantolabo
1168 4129 1273 4163 scurrae
1305 4117 1509 4176 Nomentanoque

958 4199 1048 4256 nepoti.
1083 4195 1189 4251 Misera,
1211 4207 1290 4256 egena
1306 4193 1373 4255 plebs
1391 4193 1424 4240 ibi
1441 4207 1507 4256 sepe·

957 4273 1069 4322 liebatur.
1106 4272 1154 4322 Sed
1172 4287 1251 4334 neque
1264 4271 1416 4320 Pantolabus
1428 4286 1507 4335 neque

957 4353 1130 4401 Nomentanus
1141 4358 1211 4399 erant
1220 4365 1252 4399 ex
1261 4350 1434 4413 miseraplebe.
1448 4351 1508 4401 Om-

957 4435 998 4481 nia
1024 4431 1088 4480 bona
1113 4446 1170 4488 sua,
1196 4438 1224 4478 ut
1249 4431 1283 4479 ait
1309 4429 1509 4489 commentator,

957 4512 1110 4561 comissando
1132 4516 1288 4558 voraverant.
1324 4509 1360 4559 Ut
1384 4524 1451 4558 nunc
1475 4511 1509 4560 le-

957 4590 1037 4653 gitur,
1054 4597 1112 4637 sunt
1129 4604 1161 4638 ex
1178 4589 1270 4637 misera
1285 4589 1329 4637 illa
1344 4589 1422 4653 plebe.
1457 4591 1508 4639 Ho-

957 4671 1048 4726 ratius,
1074 4677 1147 4732 puto‚
1176 4668 1284 4732 scripsit:
1315 4672 1458 4720 Pantolabo
1486 4677 1510 4720 et

957 4767 1060 4802 scurrae
1083 4752 1288 4814 Nomentanoque
1312 4752 1402 4814 nepoti.
1438 4752 1507 4799 Idem

1326 4834 1371 4896 ὃν
