3750 5759
815 721 998 787 LIBER
1043 721 1085 784 ll.

426 912 612 995 „Deficieut
635 913 766 998 inopem
789 934 891 977 venae
915 916 965 995 te,
990 912 1025 975 ni
1049 912 1141 977 cibus
1164 918 1263 998 atque

427 1019 572 1104 „Ingens
596 1017 721 1083 accedit
744 1016 911 1082 stomacho
934 1015 1059 1081 fultura
1081 1015 1198 1081 ruenti.

426 1122 496 1206 „Tu
519 1123 647 1187 cessas?
693 1120 862 1206 Agedum,
888 1140 981 1185 sume
1004 1120 1065 1184 hoc
1087 1119 1305 1204 ptisanarium
1330 1120 1485 1204 oryzael“

425 1224 572 1307 „Quanti
588 1225 737 1290 emtae?“
763 1224 927 1307 „Parvo.“
956 1222 1104 1306 „Quanti
1121 1226 1239 1308 ergo?“
1261 1223 1515 1308 „Octussibus.“

1280 1328 1389 1410 „Heu,
1412 1327 1493 1410 heu,

423 1431 534 1516 „Quid
557 1430 670 1514 refert,
696 1431 808 1495 morbo
833 1452 875 1495 an
896 1429 994 1494 furtis
1018 1451 1189 1515 pereamve
1211 1430 1336 1515 rapinis
1345 1432 1381 1495 ?“

423 1534 608 1618 „Quisnam
620 1534 723 1620 igitur
730 1534 873 1598 sanus?“
891 1531 980 1616 „Qui
988 1553 1055 1596 non
1063 1527 1221 1599 stultus.“
1238 1533 1349 1617 „Quid
1360 1535 1514 1599 avarus?“

421 1638 576 1722 „Stultus
600 1644 634 1703 et
656 1637 830 1702 insanus.“
879 1635 1006 1719 „Quid,
1033 1636 1061 1701 si
1085 1636 1158 1722 quis
1182 1659 1248 1701 non
1272 1637 1317 1701 sit
1340 1658 1474 1719 avarus,

422 1742 587 1809 Continuo
612 1743 757 1807 sanus?“
793 1739 990 1824 „Minime.“
1038 1739 1147 1824 „Cur,
1173 1739 1325 1806 Stoice?“
1362 1740 1511 1823 „Dicam

420 1847 495 1912 Non
519 1851 570 1912 est
592 1845 776 1928 cardiacus,
801 1843 972 1910 Craterum
996 1842 1119 1909 dixisse
1141 1849 1276 1929 putato,

420 1953 484 2017 Hic
507 1973 611 2036 aeger.
659 1951 761 2016 Recte
784 1953 835 2014 est
857 1947 960 2033 igitur
983 1950 1180 2033 surgetque?
1226 1946 1385 2032 Negabit,

420 2054 515 2135 Quod
538 2055 625 2120 latus
650 2059 708 2119 aut
730 2074 822 2118 renes
845 2051 959 2116 morbo
983 2057 1152 2115 tentantur
1175 2056 1280 2116 acuto,

418 2159 493 2224 Non
517 2163 569 2224 est
590 2159 740 2245 periurus
765 2179 869 2243 neque
891 2156 1060 2234 sordidus;
1085 2155 1236 2221 immolet
1258 2153 1369 2240 aequis

419 2264 485 2329 Hic
509 2285 645 2349 porcum
668 2263 815 2327 Laribus.
864 2261 987 2326 Verum
1011 2261 1205 2326 ambitiosus
1225 2265 1257 2325 et
1281 2258 1407 2334 audax3

417 2367 560 2453 Naviget
582 2367 786 2451 Anticyram.
835 2365 922 2445 Quid
948 2365 1036 2430 enim
1057 2364 1182 2447 differt,
1205 2364 1400 2429 barathrone

418 2471 528 2536 Dones
552 2471 712 2556 quidquid
734 2471 853 2552 habes,
878 2491 921 2534 an
945 2490 1115 2553 nunquam
1136 2473 1229 2533 utare
1251 2465 1398 2552 paratis?

417 2575 548 2641 Servius
573 2575 735 2661 Oppidius
761 2574 885 2640 Canusi
908 2573 972 2637 duo
996 2573 1151 2658 praedia,
1176 2571 1266 2636 dives

415 2679 564 2765 Antiquo
587 2702 705 2762 censu,
730 2679 817 2744 natis
842 2677 963 2743 divisse
987 2676 1113 2741 duobus
1137 2733 1138 2739 ,

368 2832 486 2896 Opimius
511 2834 658 2896 ambiguum
682 2834 760 2896 vigila
781 2839 811 2881 at
833 2836 919 2896 vigiles
962 2835 1046 2882 variae
1062 2833 1216 2883 coniecturae
1233 2838 1344 2896 instans,
1363 2841 1467 2898 ingesta,
1483 2839 1512 2886 id

367 2927 422 2960 non
449 2912 610 2975 intelligebat.
652 2914 722 2975 Ergo
746 2920 819 2975 rogat
850 2913 920 2970 Quid
961 2929 1049 2974 aenas,
1067 2921 1091 2962 et
1108 2913 1216 2963 Bentleii
1230 2931 1357 2977 praesens.
1383 2915 1454 2965 Nihil
1464 2916 1507 2964 ad·

367 2994 424 3041 vis?
458 2991 524 3052 Quid
539 2999 584 3040 tua
599 2993 675 3041 verba
692 2992 739 3041 sibi
752 2992 848 3049 volunt,
859 2991 920 3054 quid
961 2993 1010 3041 huc
1032 2995 1121 3042 melius
1143 2994 1194 3042 vidi
1216 3009 1291 3057 quam
1310 3010 1443 3059 praesens,
1463 2996 1510 3044 hoc

367 3070 525 3134 significant?
543 3073 569 3135 ri¹
578 3072 701 3135 βούλεται
714 3074 803 3131 sciro,
820 3071 844 3120 τί
855 3069 918 3134 φήῃ
961 3079 998 3120 est
1015 3079 1124 3130 certum,
1141 3089 1267 3135 tirrannum,
1282 3081 1412 3138 paratam,
1429 3081 1458 3123 ut
1473 3076 1509 3123 in·

369 3149 508 3216 aivi-spara
525 3150 613 3217 λέγεις.
648 3153 766 3210 Veteres,
784 3157 812 3198 ut
824 3149 918 3208 Cicero,
961 3157 1113 3214 terpretatur
1136 3152 1240 3202 Ruhnk.
1269 3154 1300 3201 ad
1321 3153 1388 3202 Vell.
1405 3154 1508 3215 ‚Patere

368 3245 442 3294 saepe
458 3231 485 3278 in
496 3231 578 3279 verbis
590 3232 696 3292 uigilare
706 3238 732 3278 et
743 3232 852 3278 dormire
863 3229 917 3277 sim.
960 3230 997 3279 II.
1014 3231 1054 3280 92.
1094 3231 1191 3280 Aberat
1213 3235 1239 3280 in
1261 3235 1409 3282 ordinandis
1433 3235 1509 3284 Asiae

367 3309 488 3358 luserunt.
515 3309 602 3360 Cicero
619 3307 754 3357 Caninium
769 3308 846 3356 fuisse
873 3310 918 3355 rni-
963 3312 1125 3372 Orientisque
1146 3314 1219 3360 rebus
1243 3311 1353 3370 Caesar,
1376 3314 1508 3377 circumse-

367 3389 443 3452 rafica
458 3389 593 3451 aiqiiantia
611 3388 719 3444 iocatur,
741 3388 786 3449 qai
805 3401 850 3435 sao
867 3392 918 3435 toto
960 3405 1019 3438 rens
1036 3395 1165 3438 terrarum
1182 3392 1236 3439 arbi
1247 3393 1393 3452 praesentia
1404 3407 1453 3440 saa
1462 3410 1508 3455 pa-

368 3471 502 3518 consaiata
518 3482 632 3517 somnam
649 3467 811 3517 nonviderit.
836 3467 917 3514 Hora·
960 3471 996 3517 cis
1017 3485 1076 3517 snae
1097 3472 1167 3517 bana.
1200 3469 1250 3518 Ubi
1271 3485 1320 3518 saa
1340 3486 1400 3519 snae
1420 3472 1509 3522 merito

368 3548 418 3596 tius
439 3562 539 3596 omnem
560 3548 696 3596 orationem
713 3546 808 3594 medico
824 3544 859 3592 sic
876 3544 918 3593 tri-
960 3562 1017 3596 cum
1034 3547 1179 3597 offendebat.
1204 3549 1289 3612 Legit:
1306 3553 1453 3611 praesentia
1461 3568 1508 3614 pa·

368 3627 443 3677 buere
459 3629 586 3691 potuisset.
620 3631 658 3676 Ni
675 3634 721 3676 trra
737 3628 917 3684 custodiaaoi-
959 3630 996 3676 cis
1012 3643 1073 3678 saae
1089 3632 1160 3678 bona.
1193 3629 1324 3688 Velleius,
1340 3637 1413 3692 puto,
1430 3631 1508 3678 ethic

368 3711 417 3757 dns
432 3710 484 3756 iam
501 3711 561 3758 haer
578 3708 678 3771 auferet
695 3708 781 3755 haeres
809 3707 917 3754 rerico.
959 3707 1108 3771 elegantiam
1119 3710 1244 3772 quandam
1255 3709 1386 3769 affectavit,
1402 3710 1508 3773 scripsit-

373 3789 410 3837 Ur
426 3790 513 3851 vigiles
530 3789 706 3851 igitaraigila.
727 3784 917 3835 Tuatibiaufe·
959 3803 1019 3852 que:
1045 3805 1163 3850 praesms
1186 3792 1333 3850 praesentia
1356 3792 1428 3852 pacis
1448 3805 1509 3839 saue

368 3876 455 3918 rentur
480 3875 504 3917 te
528 3869 594 3918 vivo.
628 3866 698 3917 Cave
719 3882 751 3916 ne
771 3866 828 3924 fiat,
849 3867 917 3929 quod
960 3871 1032 3917 bona.
1061 3868 1134 3917 Utin
1145 3868 1271 3934 Ciceronis
1283 3868 1507 3932 Epistadaarnil.

367 3947 424 4005 fiet,
440 3949 468 3996 ni
483 3955 509 3996 te
524 3948 607 3996 sanari
622 3947 732 4011 patiaris.
767 3945 855 3998 Oratio
872 3961 917 4009 per
959 3947 981 3997 Ι.
999 3948 1022 3996 9.
1060 3949 1113 4006 Qar'
1134 3951 1182 3997 tibi
1198 3965 1229 3997 aa
1246 3964 1284 3997 nra
1293 3948 1403 4011 fractas
1421 3951 1507 3997 deben-

367 4029 584 4092 interrogationem
607 4028 703 4090 aegroti
724 4029 864 4091 interrupta
880 4035 917 4076 est
960 4032 1016 4086 tar,
1044 4041 1084 4075 eos
1113 4029 1239 4076 uberiores
1268 4033 1293 4076 et
1324 4030 1508 4089 praesentiores

368 4108 482 4157 vividior.
956 4122 1077 4169 praesens
1094 4122 1182 4169 capere
1197 4108 1329 4168 potuisses.

399 4187 552 4236 Doderlinus
564 4186 677 4250 corrigit:
700 4189 736 4236 Ut
746 4189 816 4235 viras
827 4188 915 4250 igitar,
993 4188 1074 4234 Diues
1104 4184 1217 4246 Antiqua
1238 4199 1321 4233 censa.
1354 4183 1507 4248 Porphyrio:

366 4269 428 4332 vigil
449 4271 494 4317 hoa
515 4284 566 4331 age.
601 4268 656 4316 Hoc
677 4274 726 4316 est:
752 4267 808 4316 Iam
829 4282 862 4316 ex
882 4267 916 4316 le·
959 4264 1024 4322 „Hic
1050 4263 1115 4324 (hoc)
1141 4269 1193 4320 est,
1217 4276 1295 4325 parvo
1318 4275 1393 4309 censu
1408 4252 1507 4310 'dives.“

367 4346 457 4409 thergo
478 4354 586 4406 erectus,
612 4346 692 4395 facere
713 4346 808 4410 aliquid
829 4334 915 4407 debes,
959 4342 1061 4393 Servius
1078 4343 1109 4390 ad
1126 4341 1193 4390 Aen.
1210 4341 1341 4392 VIL537.
1378 4342 1507 4390 Ausoniis·

367 4433 395 4475 ut
419 4428 498 4475 vitam
522 4426 663 4485 continues,
689 4433 717 4475 ut
737 4441 813 4488 porro
833 4426 916 4474 vivere
958 4438 1005 4484 qne
1022 4423 1081 4471 alirn
1098 4421 1325 4469 ditissimasarais.
1348 4420 1509 4479 „Secundum

332 4517 335 4522 ·
366 4507 453 4570 possis.
472 4535 500 4544 -
523 4508 589 4569 Quid
607 4506 712 4554 faciam?
729 4533 760 4542 -
782 4506 916 4554 Fulturam
958 4501 1087 4563 antiquum
1112 4513 1214 4548 morem.
1256 4499 1344 4547 Horat.
1365 4498 1402 4547 11.
1428 4501 1507 4562 Epist.

366 4588 495 4636 stomacho
512 4601 602 4636 sumes.
958 4581 1010 4631 III.
1029 4580 1083 4630 168.
1109 4582 1190 4629 Dives
1207 4581 1311 4642 antiqno
1328 4584 1428 4628 censa.“
1455 4580 1507 4629 Ubi

410 4669 543 4717 Stomacho
562 4667 669 4728 saltora
694 4667 782 4714 ruenti
814 4666 915 4727 Ingens.
958 4677 1003 4725 pro
1039 4661 1125 4721 Epist.
1153 4658 1309 4707 scribendum
1335 4664 1389 4706 crat
1427 4661 1507 4708 Sarni.

367 4746 435 4796 Illud
452 4748 539 4809 ingens
555 4745 679 4809 plerisque
693 4742 824 4808 displicuit.
849 4742 916 4793 Hinc
959 4750 983 4792 et
1005 4741 1140 4791 notandum
1163 4740 1228 4802 quod
1249 4739 1275 4787 in
1298 4739 1345 4788 alio
1362 4739 1419 4790 MS.
1438 4738 1506 4801 lege-
