<?xml version="1.0" encoding="UTF-8"?>
<!DOCTYPE html PUBLIC "-//W3C//DTD XHTML 1.0 Transitional//EN"
    "http://www.w3.org/TR/xhtml1/DTD/xhtml1-transitional.dtd">
<html xmlns="http://www.w3.org/1999/xhtml" xml:lang="en" lang="en">
 <head>
  <title>
</title>
<meta http-equiv="Content-Type" content="text/html;charset=utf-8" />
  <meta name='ocr-system' content='tesseract 3.04.00' />
  <meta name='ocr-capabilities' content='ocr_page ocr_carea ocr_par ocr_line ocrx_word'/>
</head>
<body>
  <div class='ocr_page' id='page_1' title='image "./qhoratiiflaccis00peergoog_0095.png"; bbox 0 0 3750 5759; ppageno 0'>
   <div class='ocr_carea' id='block_1_1' title="bbox 786 713 1036 778">
    <p class='ocr_par' dir='ltr' id='par_1_1' title="bbox 786 713 1036 778">
     <span class='ocr_line' id='line_1_1' title="bbox 786 713 1036 778; baseline 0.012 -3"><span class='ocrx_word' id='word_1_1' title='bbox 786 713 966 778; x_wconf 82' lang='lat' dir='ltr'>LIBER</span> <span class='ocrx_word' id='word_1_2' title='bbox 1013 715 1036 778; x_wconf 91' lang='lat' dir='ltr'>l.</span> 
     </span>
    </p>
   </div>
   <div class='ocr_carea' id='block_1_2' title="bbox 380 896 1174 982">
    <p class='ocr_par' dir='ltr' id='par_1_2' title="bbox 380 896 1174 982">
     <span class='ocr_line' id='line_1_2' title="bbox 380 896 1174 982; baseline 0.004 -23"><span class='ocrx_word' id='word_1_3' title='bbox 380 896 580 961; x_wconf 85' lang='lat' dir='ltr'>Abdiderint</span> <span class='ocrx_word' id='word_1_4' title='bbox 601 896 716 961; x_wconf 80' lang='lat' dir='ltr'>furtim</span> <span class='ocrx_word' id='word_1_5' title='bbox 741 896 834 962; x_wconf 86' lang='lat' dir='ltr'>terris</span> <span class='ocrx_word' id='word_1_6' title='bbox 858 908 891 962; x_wconf 87' lang='lat' dir='ltr'>ct</span> <span class='ocrx_word' id='word_1_7' title='bbox 916 897 1060 982; x_wconf 80' lang='lat' dir='ltr'>imagine</span> <span class='ocrx_word' id='word_1_8' title='bbox 1085 920 1174 962; x_wconf 89' lang='lat' dir='ltr'>cerea</span> 
     </span>
    </p>
   </div>
   <div class='ocr_carea' id='block_1_3' title="bbox 352 1000 1297 1710">
    <p class='ocr_par' dir='ltr' id='par_1_3' title="bbox 352 1000 1297 1710">
     <span class='ocr_line' id='line_1_3' title="bbox 380 1000 1297 1087; baseline 0.004 -22"><span class='ocrx_word' id='word_1_9' title='bbox 380 1000 517 1087; x_wconf 80' lang='lat' dir='ltr'>Largior</span> <span class='ocrx_word' id='word_1_10' title='bbox 537 1002 653 1068; x_wconf 85' lang='lat' dir='ltr'>arserit</span> <span class='ocrx_word' id='word_1_11' title='bbox 674 1002 778 1087; x_wconf 79' lang='lat' dir='ltr'>ignia,</span> <span class='ocrx_word' id='word_1_12' title='bbox 806 1008 840 1067; x_wconf 84' lang='lat' dir='ltr'>et</span> <span class='ocrx_word' id='word_1_13' title='bbox 862 1008 917 1086; x_wconf 85' lang='lat' dir='ltr'>ut,</span> <span class='ocrx_word' id='word_1_14' title='bbox 944 1025 1009 1067; x_wconf 92' lang='lat' dir='ltr'>non</span> <span class='ocrx_word' id='word_1_15' title='bbox 1034 1003 1128 1068; x_wconf 81' lang='lat' dir='ltr'>testis</span> <span class='ocrx_word' id='word_1_16' title='bbox 1154 1003 1297 1085; x_wconf 82' lang='lat' dir='ltr'>inultus,</span> 
     </span>
     <span class='ocr_line' id='line_1_4' title="bbox 352 1104 1224 1172; baseline 0.003 -4"><span class='ocrx_word' id='word_1_17' title='bbox 352 1147 355 1151; x_wconf 91' lang='lat'><em>-</em></span> <span class='ocrx_word' id='word_1_18' title='bbox 380 1104 571 1171; x_wconf 86' lang='lat' dir='ltr'>Horruerim</span> <span class='ocrx_word' id='word_1_19' title='bbox 595 1128 688 1172; x_wconf 86' lang='lat' dir='ltr'>voces</span> <span class='ocrx_word' id='word_1_20' title='bbox 714 1106 887 1171; x_wconf 79' lang='lat' dir='ltr'>Furiarum</span> <span class='ocrx_word' id='word_1_21' title='bbox 911 1106 1054 1171; x_wconf 79' lang='lat' dir='ltr'>olfacta</span> <span class='ocrx_word' id='word_1_22' title='bbox 1077 1106 1224 1172; x_wconf 88' lang='lat' dir='ltr'>duarum.</span> 
     </span>
     <span class='ocr_line' id='line_1_5' title="bbox 380 1208 1248 1296; baseline 0.002 -24"><span class='ocrx_word' id='word_1_23' title='bbox 380 1208 484 1292; x_wconf 84' lang='lat' dir='ltr'>Nam,</span> <span class='ocrx_word' id='word_1_24' title='bbox 509 1209 655 1295; x_wconf 86' lang='lat' dir='ltr'>displosa</span> <span class='ocrx_word' id='word_1_25' title='bbox 678 1216 774 1275; x_wconf 83' lang='lat' dir='ltr'>sonat</span> <span class='ocrx_word' id='word_1_26' title='bbox 797 1215 959 1295; x_wconf 83' lang='lat' dir='ltr'>quantum</span> <span class='ocrx_word' id='word_1_27' title='bbox 982 1210 1106 1293; x_wconf 79' lang='lat' dir='ltr'>vesica,</span> <span class='ocrx_word' id='word_1_28' title='bbox 1130 1210 1248 1296; x_wconf 84' lang='lat' dir='ltr'>pepedi</span> 
     </span>
     <span class='ocr_line' id='line_1_6' title="bbox 383 1311 1264 1390; baseline 0.001 -14"><span class='ocrx_word' id='word_1_29' title='bbox 383 1311 518 1378; x_wconf 86' lang='lat' dir='ltr'>Diffissa</span> <span class='ocrx_word' id='word_1_30' title='bbox 539 1317 623 1378; x_wconf 85' lang='lat' dir='ltr'>nate</span> <span class='ocrx_word' id='word_1_31' title='bbox 646 1313 744 1390; x_wconf 85' lang='lat' dir='ltr'>ficus3</span> <span class='ocrx_word' id='word_1_32' title='bbox 771 1319 806 1378; x_wconf 86' lang='lat' dir='ltr'>at</span> <span class='ocrx_word' id='word_1_33' title='bbox 829 1313 906 1378; x_wconf 91' lang='lat' dir='ltr'>illae</span> <span class='ocrx_word' id='word_1_34' title='bbox 930 1335 1059 1379; x_wconf 89' lang='lat' dir='ltr'>currere</span> <span class='ocrx_word' id='word_1_35' title='bbox 1084 1314 1119 1377; x_wconf 94' lang='lat' dir='ltr'>in</span> <span class='ocrx_word' id='word_1_36' title='bbox 1142 1315 1264 1379; x_wconf 90' lang='lat' dir='ltr'>urbem.</span> 
     </span>
     <span class='ocr_line' id='line_1_7' title="bbox 381 1415 1221 1503; baseline -0.002 -21"><span class='ocrx_word' id='word_1_37' title='bbox 381 1415 538 1482; x_wconf 77' lang='lat' dir='ltr'>Canidiae</span> <span class='ocrx_word' id='word_1_38' title='bbox 561 1417 693 1500; x_wconf 83' lang='lat' dir='ltr'>dentes,</span> <span class='ocrx_word' id='word_1_39' title='bbox 718 1417 824 1483; x_wconf 83' lang='lat' dir='ltr'>altum</span> <span class='ocrx_word' id='word_1_40' title='bbox 849 1418 997 1503; x_wconf 83' lang='lat' dir='ltr'>Saganae</span> <span class='ocrx_word' id='word_1_41' title='bbox 1020 1417 1221 1482; x_wconf 82' lang='lat' dir='ltr'>caliendrum</span> 
     </span>
     <span class='ocr_line' id='line_1_8' title="bbox 382 1518 1273 1606; baseline 0.002 -24"><span class='ocrx_word' id='word_1_42' title='bbox 382 1518 541 1584; x_wconf 86' lang='lat' dir='ltr'>Excidere</span> <span class='ocrx_word' id='word_1_43' title='bbox 564 1526 663 1605; x_wconf 88' lang='lat' dir='ltr'>atque</span> <span class='ocrx_word' id='word_1_44' title='bbox 686 1520 802 1585; x_wconf 86' lang='lat' dir='ltr'>herbas</span> <span class='ocrx_word' id='word_1_45' title='bbox 826 1525 923 1606; x_wconf 89' lang='lat' dir='ltr'>atque</span> <span class='ocrx_word' id='word_1_46' title='bbox 948 1519 1116 1585; x_wconf 81' lang='lat' dir='ltr'>incantata</span> <span class='ocrx_word' id='word_1_47' title='bbox 1144 1520 1273 1585; x_wconf 86' lang='lat' dir='ltr'>lacertis</span> 
     </span>
     <span class='ocr_line' id='line_1_9' title="bbox 378 1622 1254 1710; baseline 0.001 -24"><span class='ocrx_word' id='word_1_48' title='bbox 378 1622 538 1706; x_wconf 83' lang='lat' dir='ltr'>Vincula,</span> <span class='ocrx_word' id='word_1_49' title='bbox 563 1646 637 1688; x_wconf 91' lang='lat' dir='ltr'>cum</span> <span class='ocrx_word' id='word_1_50' title='bbox 662 1645 783 1709; x_wconf 88' lang='lat' dir='ltr'>magno</span> <span class='ocrx_word' id='word_1_51' title='bbox 807 1623 939 1710; x_wconf 90' lang='lat' dir='ltr'>risuque</span> <span class='ocrx_word' id='word_1_52' title='bbox 963 1624 1096 1709; x_wconf 90' lang='lat' dir='ltr'>iocoque</span> <span class='ocrx_word' id='word_1_53' title='bbox 1119 1622 1254 1688; x_wconf 83' lang='lat' dir='ltr'>videres.</span> 
     </span>
    </p>
   </div>
   <div class='ocr_carea' id='block_1_4' title="bbox 332 1760 1477 2694">
    <p class='ocr_par' dir='ltr' id='par_1_4' title="bbox 332 1760 1477 2218">
     <span class='ocr_line' id='line_1_10' title="bbox 333 1760 1475 1824; baseline 0.001 -16"><span class='ocrx_word' id='word_1_54' title='bbox 333 1761 464 1822; x_wconf 74' lang='lat' dir='ltr'>politarum</span> <span class='ocrx_word' id='word_1_55' title='bbox 480 1762 657 1810; x_wconf 89' lang='lat' dir='ltr'>consuetudine</span> <span class='ocrx_word' id='word_1_56' title='bbox 674 1776 753 1824; x_wconf 80' lang='lat' dir='ltr'>nuper</span> <span class='ocrx_word' id='word_1_57' title='bbox 771 1763 796 1810; x_wconf 89' lang='lat' dir='ltr'>in</span> <span class='ocrx_word' id='word_1_58' title='bbox 814 1763 885 1810; x_wconf 91' lang='lat' dir='ltr'>Mne·</span> <span class='ocrx_word' id='word_1_59' title='bbox 925 1761 993 1810; x_wconf 83' lang='lat' dir='ltr'>Fieri</span> <span class='ocrx_word' id='word_1_60' title='bbox 1002 1769 1081 1824; x_wconf 90' lang='lat' dir='ltr'>potest</span> <span class='ocrx_word' id='word_1_61' title='bbox 1091 1769 1119 1809; x_wconf 88' lang='lat' dir='ltr'>ut</span> <span class='ocrx_word' id='word_1_62' title='bbox 1128 1760 1169 1808; x_wconf 89' lang='lat' dir='ltr'>alii</span> <span class='ocrx_word' id='word_1_63' title='bbox 1180 1761 1260 1809; x_wconf 93' lang='lat' dir='ltr'>iocum</span> <span class='ocrx_word' id='word_1_64' title='bbox 1272 1761 1297 1808; x_wconf 89' lang='lat' dir='ltr'>in</span> <span class='ocrx_word' id='word_1_65' title='bbox 1310 1775 1337 1808; x_wconf 91' lang='lat' dir='ltr'>re</span> <span class='ocrx_word' id='word_1_66' title='bbox 1350 1761 1397 1808; x_wconf 86' lang='lat' dir='ltr'>ista</span> <span class='ocrx_word' id='word_1_67' title='bbox 1408 1761 1475 1809; x_wconf 89' lang='lat' dir='ltr'>inve-</span> 
     </span>
     <span class='ocr_line' id='line_1_11' title="bbox 333 1840 1475 1904; baseline 0 -16"><span class='ocrx_word' id='word_1_68' title='bbox 333 1854 439 1902; x_wconf 89' lang='lat' dir='ltr'>mosyne</span> <span class='ocrx_word' id='word_1_69' title='bbox 461 1841 577 1888; x_wconf 89' lang='lat' dir='ltr'>Leidensi</span> <span class='ocrx_word' id='word_1_70' title='bbox 598 1843 780 1889; x_wconf 88' lang='lat' dir='ltr'>emendandum</span> <span class='ocrx_word' id='word_1_71' title='bbox 800 1843 886 1904; x_wconf 85' lang='lat' dir='ltr'>putavi</span> <span class='ocrx_word' id='word_1_72' title='bbox 925 1841 996 1889; x_wconf 87' lang='lat' dir='ltr'>uiant</span> <span class='ocrx_word' id='word_1_73' title='bbox 1016 1842 1098 1890; x_wconf 90' lang='lat' dir='ltr'>nescio</span> <span class='ocrx_word' id='word_1_74' title='bbox 1119 1855 1193 1904; x_wconf 89' lang='lat' dir='ltr'>quem</span> <span class='ocrx_word' id='word_1_75' title='bbox 1214 1840 1335 1903; x_wconf 88' lang='lat' dir='ltr'>lepidum.</span> <span class='ocrx_word' id='word_1_76' title='bbox 1357 1840 1475 1889; x_wconf 81' lang='lat' dir='ltr'>Horatius</span> 
     </span>
     <span class='ocr_line' id='line_1_12' title="bbox 333 1919 1475 1984; baseline -0.003 -15"><span class='ocrx_word' id='word_1_77' title='bbox 333 1920 427 1983; x_wconf 84' lang='lat' dir='ltr'>Virgil.</span> <span class='ocrx_word' id='word_1_78' title='bbox 445 1919 888 1984; x_wconf 56' lang='grc' dir='ltr'><strong>(100181.2.Αωὶ1101101010111001</strong></span> <span class='ocrx_word' id='word_1_79' title='bbox 927 1920 1029 1968; x_wconf 87' lang='lat' dir='ltr'>fortasse</span> <span class='ocrx_word' id='word_1_80' title='bbox 1051 1921 1160 1983; x_wconf 81' lang='lat' dir='ltr'>scripsit:</span> <span class='ocrx_word' id='word_1_81' title='bbox 1188 1921 1301 1982; x_wconf 86' lang='lat' dir='ltr'>Diffissa</span> <span class='ocrx_word' id='word_1_82' title='bbox 1321 1924 1382 1967; x_wconf 80' lang='lat' dir='ltr'>uate</span> <span class='ocrx_word' id='word_1_83' title='bbox 1397 1920 1475 1967; x_wconf 81' lang='lat' dir='ltr'>uisus.</span> 
     </span>
     <span class='ocr_line' id='line_1_13' title="bbox 333 1996 1475 2063; baseline 0 -18"><span class='ocrx_word' id='word_1_84' title='bbox 333 1999 472 2062; x_wconf 79' lang='lat' dir='ltr'>adiuapere</span> <span class='ocrx_word' id='word_1_85' title='bbox 487 2001 564 2057; x_wconf 84' lang='lat' dir='ltr'>cites,</span> <span class='ocrx_word' id='word_1_86' title='bbox 581 2013 625 2062; x_wconf 93' lang='lat' dir='ltr'>pro</span> <span class='ocrx_word' id='word_1_87' title='bbox 639 2001 782 2056; x_wconf 78' lang='lat' dir='ltr'>Maecenas,</span> <span class='ocrx_word' id='word_1_88' title='bbox 800 2002 886 2048; x_wconf 79' lang='grc'><strong>1110111-</strong></span> <span class='ocrx_word' id='word_1_89' title='bbox 927 1998 984 2059; x_wconf 82' lang='lat' dir='ltr'>Quo</span> <span class='ocrx_word' id='word_1_90' title='bbox 1006 2001 1079 2047; x_wconf 90' lang='lat' dir='ltr'>modo</span> <span class='ocrx_word' id='word_1_91' title='bbox 1096 2000 1265 2063; x_wconf 85' lang='lat' dir='ltr'>Vespasianus</span> <span class='ocrx_word' id='word_1_92' title='bbox 1291 1997 1356 2061; x_wconf 92' lang='lat' dir='ltr'>apud</span> <span class='ocrx_word' id='word_1_93' title='bbox 1374 1996 1475 2046; x_wconf 86' lang='lat' dir='ltr'>Sueton.</span> 
     </span>
     <span class='ocr_line' id='line_1_14' title="bbox 332 2077 1477 2142; baseline 0 -18"><span class='ocrx_word' id='word_1_94' title='bbox 332 2092 383 2139; x_wconf 83' lang='lat' dir='ltr'>que</span> <span class='ocrx_word' id='word_1_95' title='bbox 398 2079 617 2140; x_wconf 73' lang='lat' dir='ltr'>adianperevites.</span> <span class='ocrx_word' id='word_1_96' title='bbox 640 2079 705 2127; x_wconf 85' lang='lat' dir='ltr'>Rem</span> <span class='ocrx_word' id='word_1_97' title='bbox 718 2093 816 2142; x_wconf 87' lang='lat' dir='ltr'>quoque</span> <span class='ocrx_word' id='word_1_98' title='bbox 833 2080 887 2127; x_wconf 87' lang='lat' dir='ltr'>atti·</span> <span class='ocrx_word' id='word_1_99' title='bbox 926 2077 967 2125; x_wconf 80' lang='lat'>20.</span> <span class='ocrx_word' id='word_1_100' title='bbox 1006 2079 1112 2126; x_wconf 84' lang='lat' dir='ltr'>Vultum</span> <span class='ocrx_word' id='word_1_101' title='bbox 1133 2079 1213 2127; x_wconf 82' lang='lat' dir='ltr'>veluti</span> <span class='ocrx_word' id='word_1_102' title='bbox 1234 2078 1338 2126; x_wconf 79' lang='lat' dir='ltr'>nitentis</span> <span class='ocrx_word' id='word_1_103' title='bbox 1361 2078 1477 2125; x_wconf 78' lang='lat' dir='ltr'>habuisse</span> 
     </span>
     <span class='ocr_line' id='line_1_15' title="bbox 333 2155 1050 2218; baseline -0.003 -13"><span class='ocrx_word' id='word_1_104' title='bbox 333 2157 372 2218; x_wconf 84' lang='lat' dir='ltr'>git</span> <span class='ocrx_word' id='word_1_105' title='bbox 379 2157 467 2206; x_wconf 87' lang='lat' dir='ltr'>Burm.</span> <span class='ocrx_word' id='word_1_106' title='bbox 482 2159 514 2204; x_wconf 88' lang='lat' dir='ltr'>ad</span> <span class='ocrx_word' id='word_1_107' title='bbox 526 2155 656 2207; x_wconf 79' lang='lat' dir='ltr'>claudian.</span> <span class='ocrx_word' id='word_1_108' title='bbox 666 2158 693 2205; x_wconf 91' lang='lat' dir='ltr'>in</span> <span class='ocrx_word' id='word_1_109' title='bbox 706 2159 790 2208; x_wconf 87' lang='lat' dir='ltr'>Rufin.</span> <span class='ocrx_word' id='word_1_110' title='bbox 799 2159 821 2206; x_wconf 90' lang='lat'>1.</span> <span class='ocrx_word' id='word_1_111' title='bbox 830 2159 888 2207; x_wconf 78' lang='grc'><strong>3113.</strong></span> <span class='ocrx_word' id='word_1_112' title='bbox 927 2164 1050 2204; x_wconf 83' lang='lat' dir='ltr'>narratur.</span> 
     </span>
    </p>

    <p class='ocr_par' dir='ltr' id='par_1_5' title="bbox 332 2234 1477 2694">
     <span class='ocr_line' id='line_1_16' title="bbox 369 2234 1474 2300; baseline -0.004 -17"><span class='ocrx_word' id='word_1_113' title='bbox 369 2237 483 2298; x_wconf 81' lang='lat' dir='ltr'>Diffissa</span> <span class='ocrx_word' id='word_1_114' title='bbox 499 2241 560 2284; x_wconf 83' lang='lat' dir='ltr'>uate</span> <span class='ocrx_word' id='word_1_115' title='bbox 572 2236 649 2298; x_wconf 75' lang='lat' dir='ltr'>ficas.</span> <span class='ocrx_word' id='word_1_116' title='bbox 683 2236 790 2300; x_wconf 84' lang='lat' dir='ltr'>Priapus</span> <span class='ocrx_word' id='word_1_117' title='bbox 813 2252 889 2300; x_wconf 91' lang='lat' dir='ltr'>supra</span> <span class='ocrx_word' id='word_1_118' title='bbox 962 2241 999 2285; x_wconf 79' lang='lat' dir='ltr'>At</span> <span class='ocrx_word' id='word_1_119' title='bbox 1019 2239 1080 2286; x_wconf 82' lang='lat' dir='ltr'>illae</span> <span class='ocrx_word' id='word_1_120' title='bbox 1096 2251 1198 2286; x_wconf 87' lang='lat' dir='ltr'>currere</span> <span class='ocrx_word' id='word_1_121' title='bbox 1214 2237 1241 2283; x_wconf 85' lang='lat' dir='ltr'>ia</span> <span class='ocrx_word' id='word_1_122' title='bbox 1258 2238 1352 2284; x_wconf 89' lang='lat' dir='ltr'>urbem.</span> <span class='ocrx_word' id='word_1_123' title='bbox 1373 2234 1474 2283; x_wconf 84' lang='lat' dir='ltr'>Malim:</span> 
     </span>
     <span class='ocr_line' id='line_1_17' title="bbox 334 2313 1477 2377; baseline -0.001 -15"><span class='ocrx_word' id='word_1_124' title='bbox 334 2315 447 2363; x_wconf 86' lang='lat' dir='ltr'>dixerat:</span> <span class='ocrx_word' id='word_1_125' title='bbox 474 2316 534 2363; x_wconf 89' lang='lat' dir='ltr'>olim</span> <span class='ocrx_word' id='word_1_126' title='bbox 559 2321 665 2364; x_wconf 85' lang='lat' dir='ltr'>truncus</span> <span class='ocrx_word' id='word_1_127' title='bbox 682 2332 751 2364; x_wconf 87' lang='lat' dir='ltr'>eram</span> <span class='ocrx_word' id='word_1_128' title='bbox 766 2317 888 2377; x_wconf 80' lang='lat' dir='ltr'>ficulnus.</span> <span class='ocrx_word' id='word_1_129' title='bbox 931 2321 967 2364; x_wconf 78' lang='lat' dir='ltr'>At</span> <span class='ocrx_word' id='word_1_130' title='bbox 983 2319 1043 2364; x_wconf 82' lang='lat' dir='ltr'>illas</span> <span class='ocrx_word' id='word_1_131' title='bbox 1059 2330 1161 2364; x_wconf 85' lang='lat' dir='ltr'>currere</span> <span class='ocrx_word' id='word_1_132' title='bbox 1178 2317 1206 2362; x_wconf 83' lang='lat' dir='ltr'>ia</span> <span class='ocrx_word' id='word_1_133' title='bbox 1223 2316 1321 2372; x_wconf 85' lang='lat' dir='ltr'>urbem,</span> <span class='ocrx_word' id='word_1_134' title='bbox 1351 2313 1477 2362; x_wconf 83' lang='lat' dir='ltr'>Canidiae</span> 
     </span>
     <span class='ocr_line' id='line_1_18' title="bbox 332 2390 1476 2461; baseline -0.002 -20"><span class='ocrx_word' id='word_1_135' title='bbox 332 2393 416 2441; x_wconf 83' lang='lat' dir='ltr'>Faber</span> <span class='ocrx_word' id='word_1_136' title='bbox 435 2408 476 2441; x_wconf 91' lang='lat' dir='ltr'>me</span> <span class='ocrx_word' id='word_1_137' title='bbox 493 2393 550 2441; x_wconf 82' lang='lat' dir='ltr'>fecit</span> <span class='ocrx_word' id='word_1_138' title='bbox 567 2394 658 2461; x_wconf 87' lang='lat' dir='ltr'>Deum.</span> <span class='ocrx_word' id='word_1_139' title='bbox 687 2394 749 2442; x_wconf 88' lang='lat' dir='ltr'>Inde</span> <span class='ocrx_word' id='word_1_140' title='bbox 761 2410 808 2457; x_wconf 83' lang='lat' dir='ltr'>ego</span> <span class='ocrx_word' id='word_1_141' title='bbox 819 2394 889 2443; x_wconf 87' lang='lat' dir='ltr'>Deus</span> <span class='ocrx_word' id='word_1_142' title='bbox 929 2397 1013 2444; x_wconf 77' lang='lat' dir='ltr'>eleates</span> <span class='ocrx_word' id='word_1_143' title='bbox 1030 2409 1066 2457; x_wconf 90' lang='lat' dir='ltr'>sq.</span> <span class='ocrx_word' id='word_1_144' title='bbox 1084 2392 1125 2442; x_wconf 89' lang='lat' dir='ltr'>Sic</span> <span class='ocrx_word' id='word_1_145' title='bbox 1141 2394 1188 2441; x_wconf 89' lang='lat' dir='ltr'>ista</span> <span class='ocrx_word' id='word_1_146' title='bbox 1203 2407 1254 2441; x_wconf 90' lang='lat' dir='ltr'>uno</span> <span class='ocrx_word' id='word_1_147' title='bbox 1272 2399 1357 2440; x_wconf 88' lang='lat' dir='ltr'>tenore</span> <span class='ocrx_word' id='word_1_148' title='bbox 1374 2390 1476 2440; x_wconf 87' lang='lat' dir='ltr'>celerius</span> 
     </span>
     <span class='ocr_line' id='line_1_19' title="bbox 332 2471 1477 2526; baseline -0.003 -4"><span class='ocrx_word' id='word_1_149' title='bbox 332 2475 446 2523; x_wconf 84' lang='lat' dir='ltr'>maxima</span> <span class='ocrx_word' id='word_1_150' title='bbox 467 2474 574 2522; x_wconf 84' lang='lat' dir='ltr'>formido</span> <span class='ocrx_word' id='word_1_151' title='bbox 594 2489 651 2522; x_wconf 88' lang='lat' dir='ltr'>sum</span> <span class='ocrx_word' id='word_1_152' title='bbox 672 2475 758 2523; x_wconf 81' lang='lat' dir='ltr'>avibus</span> <span class='ocrx_word' id='word_1_153' title='bbox 782 2482 806 2522; x_wconf 84' lang='lat' dir='ltr'>et</span> <span class='ocrx_word' id='word_1_154' title='bbox 826 2474 889 2523; x_wconf 86' lang='lat' dir='ltr'>furi·</span> <span class='ocrx_word' id='word_1_155' title='bbox 928 2482 984 2522; x_wconf 88' lang='lat' dir='ltr'>acta</span> <span class='ocrx_word' id='word_1_156' title='bbox 1000 2474 1171 2522; x_wconf 87' lang='lat' dir='ltr'>ostenduntur.</span> <span class='ocrx_word' id='word_1_157' title='bbox 1188 2472 1294 2522; x_wconf 89' lang='lat' dir='ltr'>Videres</span> <span class='ocrx_word' id='word_1_158' title='bbox 1303 2471 1358 2519; x_wconf 90' lang='lat' dir='ltr'>illas</span> <span class='ocrx_word' id='word_1_159' title='bbox 1369 2484 1477 2526; x_wconf 85' lang='lat' dir='ltr'>currere,</span> 
     </span>
     <span class='ocr_line' id='line_1_20' title="bbox 332 2550 1476 2616; baseline -0.003 -16"><span class='ocrx_word' id='word_1_160' title='bbox 332 2553 388 2603; x_wconf 85' lang='lat' dir='ltr'>bus.</span> <span class='ocrx_word' id='word_1_161' title='bbox 422 2554 457 2603; x_wconf 81' lang='lat' dir='ltr'>Et</span> <span class='ocrx_word' id='word_1_162' title='bbox 478 2553 558 2602; x_wconf 88' lang='lat' dir='ltr'>omnis</span> <span class='ocrx_word' id='word_1_163' title='bbox 575 2555 654 2602; x_wconf 91' lang='lat' dir='ltr'>oratio</span> <span class='ocrx_word' id='word_1_164' title='bbox 674 2554 760 2616; x_wconf 90' lang='lat' dir='ltr'>Priapi</span> <span class='ocrx_word' id='word_1_165' title='bbox 782 2561 820 2602; x_wconf 87' lang='lat' dir='ltr'>cst</span> <span class='ocrx_word' id='word_1_166' title='bbox 839 2554 889 2603; x_wconf 92' lang='lat' dir='ltr'>vel·</span> <span class='ocrx_word' id='word_1_167' title='bbox 929 2552 1049 2602; x_wconf 84' lang='lat' dir='ltr'>Canidiae</span> <span class='ocrx_word' id='word_1_168' title='bbox 1071 2553 1168 2609; x_wconf 86' lang='lat' dir='ltr'>dentes,</span> <span class='ocrx_word' id='word_1_169' title='bbox 1187 2551 1302 2614; x_wconf 84' lang='lat' dir='ltr'>Saganae</span> <span class='ocrx_word' id='word_1_170' title='bbox 1324 2550 1476 2598; x_wconf 84' lang='lat' dir='ltr'>caliendrum</span> 
     </span>
     <span class='ocr_line' id='line_1_21' title="bbox 332 2629 1476 2694; baseline -0.003 -16"><span class='ocrx_word' id='word_1_171' title='bbox 332 2639 362 2680; x_wconf 91' lang='lat' dir='ltr'>ut</span> <span class='ocrx_word' id='word_1_172' title='bbox 384 2633 442 2682; x_wconf 90' lang='lat' dir='ltr'>Dei.</span> <span class='ocrx_word' id='word_1_173' title='bbox 476 2631 529 2681; x_wconf 82' lang='lat' dir='ltr'>Cur</span> <span class='ocrx_word' id='word_1_174' title='bbox 549 2632 588 2680; x_wconf 91' lang='lat' dir='ltr'>hic</span> <span class='ocrx_word' id='word_1_175' title='bbox 605 2647 631 2680; x_wconf 90' lang='lat' dir='ltr'>se</span> <span class='ocrx_word' id='word_1_176' title='bbox 648 2631 782 2694; x_wconf 85' lang='lat' dir='ltr'>appellaret</span> <span class='ocrx_word' id='word_1_177' title='bbox 791 2632 888 2693; x_wconf 85' lang='lat' dir='ltr'>ficum?</span> <span class='ocrx_word' id='word_1_178' title='bbox 930 2641 955 2680; x_wconf 90' lang='lat' dir='ltr'>ct</span> <span class='ocrx_word' id='word_1_179' title='bbox 972 2633 1059 2680; x_wconf 87' lang='lat' dir='ltr'>herbas</span> <span class='ocrx_word' id='word_1_180' title='bbox 1077 2639 1101 2680; x_wconf 87' lang='lat' dir='ltr'>et</span> <span class='ocrx_word' id='word_1_181' title='bbox 1119 2630 1219 2680; x_wconf 87' lang='lat' dir='ltr'>vincula</span> <span class='ocrx_word' id='word_1_182' title='bbox 1240 2629 1352 2679; x_wconf 81' lang='lat' dir='ltr'>excidere</span> <span class='ocrx_word' id='word_1_183' title='bbox 1374 2629 1476 2676; x_wconf 87' lang='lat' dir='ltr'>videres.</span> 
     </span>
    </p>
   </div>
   <div class='ocr_carea' id='block_1_5' title="bbox 830 2776 991 2797">
    <p class='ocr_par' dir='ltr' id='par_1_6' title="bbox 830 2776 991 2797">
     <span class='ocr_line' id='line_1_22' title="bbox 830 2776 991 2797; baseline -0.025 1"><span class='ocrx_word' id='word_1_184' title='bbox 830 2776 991 2797; x_wconf 58' lang='lat' dir='ltr'>-QOO-v-</span> 
     </span>
    </p>
   </div>
   <div class='ocr_carea' id='block_1_6' title="bbox 746 2917 1063 2984">
    <p class='ocr_par' dir='ltr' id='par_1_7' title="bbox 746 2917 1063 2984">
     <span class='ocr_line' id='line_1_23' title="bbox 746 2917 1063 2984; baseline -0.009 0"><span class='ocrx_word' id='word_1_185' title='bbox 746 2918 963 2984; x_wconf 83' lang='lat' dir='ltr'><strong>SATIRA</strong></span> <span class='ocrx_word' id='word_1_186' title='bbox 1003 2917 1063 2981; x_wconf 87' lang='lat' dir='ltr'>IX.</span> 
     </span>
    </p>
   </div>
   <div class='ocr_carea' id='block_1_7' title="bbox 379 3047 1365 3461">
    <p class='ocr_par' dir='ltr' id='par_1_8' title="bbox 379 3047 1365 3461">
     <span class='ocr_line' id='line_1_24' title="bbox 425 3047 1268 3143; baseline 0 -17"><span class='ocrx_word' id='word_1_187' title='bbox 425 3047 527 3126; x_wconf 84' lang='lat' dir='ltr'>lbam</span> <span class='ocrx_word' id='word_1_188' title='bbox 549 3062 633 3126; x_wconf 84' lang='lat' dir='ltr'>forte</span> <span class='ocrx_word' id='word_1_189' title='bbox 656 3061 720 3126; x_wconf 88' lang='lat' dir='ltr'>Via</span> <span class='ocrx_word' id='word_1_190' title='bbox 743 3078 852 3142; x_wconf 82' lang='lat' dir='ltr'>sacra,</span> <span class='ocrx_word' id='word_1_191' title='bbox 878 3061 964 3125; x_wconf 82' lang='lat' dir='ltr'>sicui</span> <span class='ocrx_word' id='word_1_192' title='bbox 988 3083 1080 3126; x_wconf 84' lang='lat' dir='ltr'>meus</span> <span class='ocrx_word' id='word_1_193' title='bbox 1105 3066 1156 3125; x_wconf 84' lang='lat' dir='ltr'>est</span> <span class='ocrx_word' id='word_1_194' title='bbox 1180 3083 1268 3143; x_wconf 80' lang='lat' dir='ltr'>moe,</span> 
     </span>
     <span class='ocr_line' id='line_1_25' title="bbox 381 3165 1278 3253; baseline -0.002 -20"><span class='ocrx_word' id='word_1_195' title='bbox 381 3167 500 3233; x_wconf 86' lang='lat' dir='ltr'>Nescio</span> <span class='ocrx_word' id='word_1_196' title='bbox 524 3167 603 3253; x_wconf 91' lang='lat' dir='ltr'>quid</span> <span class='ocrx_word' id='word_1_197' title='bbox 627 3166 791 3231; x_wconf 81' lang='lat' dir='ltr'>meditans</span> <span class='ocrx_word' id='word_1_198' title='bbox 817 3187 994 3250; x_wconf 80' lang='lat' dir='ltr'>nugarum,</span> <span class='ocrx_word' id='word_1_199' title='bbox 1020 3171 1109 3231; x_wconf 83' lang='lat' dir='ltr'>totus</span> <span class='ocrx_word' id='word_1_200' title='bbox 1135 3165 1169 3229; x_wconf 92' lang='lat' dir='ltr'>in</span> <span class='ocrx_word' id='word_1_201' title='bbox 1193 3165 1278 3244; x_wconf 82' lang='lat' dir='ltr'>illis3</span> 
     </span>
     <span class='ocr_line' id='line_1_26' title="bbox 379 3269 1250 3355; baseline -0.007 -17"><span class='ocrx_word' id='word_1_202' title='bbox 379 3270 531 3338; x_wconf 85' lang='lat' dir='ltr'>Accurrit</span> <span class='ocrx_word' id='word_1_203' title='bbox 555 3270 689 3355; x_wconf 88' lang='lat' dir='ltr'>quidam</span> <span class='ocrx_word' id='word_1_204' title='bbox 714 3275 812 3334; x_wconf 84' lang='lat' dir='ltr'>notus</span> <span class='ocrx_word' id='word_1_205' title='bbox 837 3269 921 3333; x_wconf 92' lang='lat' dir='ltr'>mihi</span> <span class='ocrx_word' id='word_1_206' title='bbox 945 3269 1077 3334; x_wconf 89' lang='lat' dir='ltr'>nomine</span> <span class='ocrx_word' id='word_1_207' title='bbox 1105 3275 1250 3351; x_wconf 80' lang='lat' dir='ltr'>lanium,</span> 
     </span>
     <span class='ocr_line' id='line_1_27' title="bbox 379 3371 1365 3461; baseline -0.004 -20"><span class='ocrx_word' id='word_1_208' title='bbox 379 3378 582 3461; x_wconf 85' lang='lat' dir='ltr'>Arreptaque</span> <span class='ocrx_word' id='word_1_209' title='bbox 605 3396 723 3438; x_wconf 90' lang='lat' dir='ltr'>mann:</span> <span class='ocrx_word' id='word_1_210' title='bbox 750 3372 862 3456; x_wconf 77' lang='lat' dir='ltr'>„Quid</span> <span class='ocrx_word' id='word_1_211' title='bbox 885 3373 976 3457; x_wconf 85' lang='lat' dir='ltr'>agis,</span> <span class='ocrx_word' id='word_1_212' title='bbox 1002 3371 1192 3436; x_wconf 86' lang='lat' dir='ltr'>dulcissime</span> <span class='ocrx_word' id='word_1_213' title='bbox 1214 3376 1365 3437; x_wconf 58' lang='grc' dir='ltr'>10111111,ῡιι</span> 
     </span>
    </p>
   </div>
   <div class='ocr_carea' id='block_1_8' title="bbox 272 3533 1472 4799">
    <p class='ocr_par' dir='ltr' id='par_1_9' title="bbox 506 3533 1472 3616">
     <span class='ocr_line' id='line_1_28' title="bbox 506 3533 1472 3616; baseline 0 -34"><span class='ocrx_word' id='word_1_214' title='bbox 506 3565 642 3616; x_wconf 70' lang='lat' dir='ltr'><strong>SATIRA</strong></span> <span class='ocrx_word' id='word_1_215' title='bbox 664 3566 704 3613; x_wconf 72' lang='lat' dir='ltr'>IX</span> <span class='ocrx_word' id='word_1_216' title='bbox 923 3535 972 3582; x_wconf 88' lang='lat' dir='ltr'>tius</span> <span class='ocrx_word' id='word_1_217' title='bbox 984 3535 1134 3595; x_wconf 84' lang='lat' dir='ltr'>coniungere</span> <span class='ocrx_word' id='word_1_218' title='bbox 1144 3533 1225 3582; x_wconf 87' lang='lat' dir='ltr'>solent</span> <span class='ocrx_word' id='word_1_219' title='bbox 1237 3536 1299 3596; x_wconf 86' lang='lat' dir='ltr'>quid</span> <span class='ocrx_word' id='word_1_220' title='bbox 1310 3549 1408 3593; x_wconf 76' lang='grc'><strong>111100,</strong></span> <span class='ocrx_word' id='word_1_221' title='bbox 1426 3535 1472 3583; x_wconf 89' lang='lat' dir='ltr'>hoc</span> 
     </span>
    </p>

    <p class='ocr_par' dir='ltr' id='par_1_10' title="bbox 708 3604 1470 3671">
     <span class='ocr_line' id='line_1_29' title="bbox 708 3604 1470 3671; baseline 0 -10"><span class='ocrx_word' id='word_1_222' title='bbox 708 3604 713 3613; x_wconf 87' lang='grc'><strong>’</strong></span> <span class='ocrx_word' id='word_1_223' title='bbox 924 3628 1025 3662; x_wconf 84' lang='lat' dir='ltr'>movere</span> <span class='ocrx_word' id='word_1_224' title='bbox 1042 3627 1087 3661; x_wconf 90' lang='lat' dir='ltr'>nos</span> <span class='ocrx_word' id='word_1_225' title='bbox 1104 3628 1155 3661; x_wconf 93' lang='lat' dir='ltr'>non</span> <span class='ocrx_word' id='word_1_226' title='bbox 1167 3612 1246 3671; x_wconf 89' lang='lat' dir='ltr'>debet,</span> <span class='ocrx_word' id='word_1_227' title='bbox 1258 3620 1286 3660; x_wconf 88' lang='lat' dir='ltr'>ut</span> <span class='ocrx_word' id='word_1_228' title='bbox 1303 3620 1327 3661; x_wconf 86' lang='lat' dir='ltr'>et</span> <span class='ocrx_word' id='word_1_229' title='bbox 1338 3614 1470 3662; x_wconf 89' lang='lat' dir='ltr'>Horatium</span> 
     </span>
    </p>

    <p class='ocr_par' dir='ltr' id='par_1_11' title="bbox 272 3659 1470 4799">
     <span class='ocr_line' id='line_1_30' title="bbox 368 3659 1469 3754; baseline 0.001 -11"><span class='ocrx_word' id='word_1_230' title='bbox 368 3659 455 3744; x_wconf 79' lang='lat' dir='ltr'>Ibam</span> <span class='ocrx_word' id='word_1_231' title='bbox 462 3695 534 3754; x_wconf 84' lang='lat' dir='ltr'>sorte</span> <span class='ocrx_word' id='word_1_232' title='bbox 549 3699 592 3745; x_wconf 82' lang='lat' dir='ltr'>oia</span> <span class='ocrx_word' id='word_1_233' title='bbox 604 3696 692 3746; x_wconf 87' lang='lat' dir='ltr'>Sacra.</span> <span class='ocrx_word' id='word_1_234' title='bbox 715 3694 882 3744; x_wconf 85' lang='lat' dir='ltr'>Bentleiusde</span> <span class='ocrx_word' id='word_1_235' title='bbox 923 3693 964 3741; x_wconf 89' lang='lat' dir='ltr'>hie</span> <span class='ocrx_word' id='word_1_236' title='bbox 981 3693 1138 3742; x_wconf 86' lang='lat' dir='ltr'>coniunxisse</span> <span class='ocrx_word' id='word_1_237' title='bbox 1154 3693 1298 3742; x_wconf 88' lang='lat' dir='ltr'>iudicemus.</span> <span class='ocrx_word' id='word_1_238' title='bbox 1318 3695 1469 3744; x_wconf 80' lang='lat' dir='ltr'>Dulcissime</span> 
     </span>
     <span class='ocr_line' id='line_1_31' title="bbox 334 3772 1468 3838; baseline -0.002 -16"><span class='ocrx_word' id='word_1_239' title='bbox 334 3787 381 3822; x_wconf 86' lang='lat' dir='ltr'>suo</span> <span class='ocrx_word' id='word_1_240' title='bbox 394 3775 510 3823; x_wconf 85' lang='lat' dir='ltr'>inseruit:</span> <span class='ocrx_word' id='word_1_241' title='bbox 529 3777 606 3825; x_wconf 89' lang='lat' dir='ltr'>Ibam</span> <span class='ocrx_word' id='word_1_242' title='bbox 620 3784 648 3825; x_wconf 87' lang='lat' dir='ltr'>ut</span> <span class='ocrx_word' id='word_1_243' title='bbox 659 3778 739 3838; x_wconf 79' lang='lat' dir='ltr'>forta</span> <span class='ocrx_word' id='word_1_244' title='bbox 763 3773 883 3837; x_wconf 85' lang='lat' dir='ltr'>Displice-</span> <span class='ocrx_word' id='word_1_245' title='bbox 922 3789 1008 3822; x_wconf 85' lang='lat' dir='ltr'>reram</span> <span class='ocrx_word' id='word_1_246' title='bbox 1025 3774 1105 3835; x_wconf 86' lang='lat' dir='ltr'>magis</span> <span class='ocrx_word' id='word_1_247' title='bbox 1122 3773 1239 3822; x_wconf 88' lang='lat' dir='ltr'>convenit</span> <span class='ocrx_word' id='word_1_248' title='bbox 1257 3772 1358 3834; x_wconf 90' lang='lat' dir='ltr'>ingenio</span> <span class='ocrx_word' id='word_1_249' title='bbox 1375 3773 1468 3834; x_wconf 89' lang='lat' dir='ltr'>garruli</span> 
     </span>
     <span class='ocr_line' id='line_1_32' title="bbox 335 3852 1470 3919; baseline 0.002 -19"><span class='ocrx_word' id='word_1_250' title='bbox 335 3852 682 3919; x_wconf 78' lang='lat' dir='ltr'>benteirulgata,tamquam</span> <span class='ocrx_word' id='word_1_251' title='bbox 693 3854 882 3913; x_wconf 69' lang='lat' dir='ltr'>mneisadisso-</span> <span class='ocrx_word' id='word_1_252' title='bbox 922 3852 1038 3910; x_wconf 85' lang='lat' dir='ltr'>hominis,</span> <span class='ocrx_word' id='word_1_253' title='bbox 1057 3853 1162 3902; x_wconf 90' lang='lat' dir='ltr'>Horatio</span> <span class='ocrx_word' id='word_1_254' title='bbox 1179 3853 1279 3901; x_wconf 91' lang='lat' dir='ltr'>nomine</span> <span class='ocrx_word' id='word_1_255' title='bbox 1295 3861 1392 3902; x_wconf 84' lang='lat' dir='ltr'>tantum</span> <span class='ocrx_word' id='word_1_256' title='bbox 1410 3856 1470 3912; x_wconf 91' lang='lat' dir='ltr'>noti,</span> 
     </span>
     <span class='ocr_line' id='line_1_33' title="bbox 338 3931 1470 3997; baseline 0.003 -17"><span class='ocrx_word' id='word_1_257' title='bbox 338 3931 541 3984; x_wconf 86' lang='lat' dir='ltr'>lutacthiantia:</span> <span class='ocrx_word' id='word_1_258' title='bbox 552 3936 618 3983; x_wconf 87' lang='lat' dir='ltr'>ibam</span> <span class='ocrx_word' id='word_1_259' title='bbox 632 3937 673 3983; x_wconf 83' lang='lat' dir='ltr'>via</span> <span class='ocrx_word' id='word_1_260' title='bbox 681 3949 757 3984; x_wconf 88' lang='lat' dir='ltr'>sacra.</span> <span class='ocrx_word' id='word_1_261' title='bbox 766 3934 883 3983; x_wconf 79' lang='lat' dir='ltr'>Accurrit</span> <span class='ocrx_word' id='word_1_262' title='bbox 924 3947 1029 3996; x_wconf 90' lang='lat' dir='ltr'>eumque</span> <span class='ocrx_word' id='word_1_263' title='bbox 1046 3933 1205 3997; x_wconf 88' lang='lat' dir='ltr'>alloquentis,</span> <span class='ocrx_word' id='word_1_264' title='bbox 1222 3933 1293 3997; x_wconf 88' lang='lat' dir='ltr'>quasi</span> <span class='ocrx_word' id='word_1_265' title='bbox 1315 3935 1365 3982; x_wconf 88' lang='lat' dir='ltr'>iam</span> <span class='ocrx_word' id='word_1_266' title='bbox 1382 3950 1397 3982; x_wconf 90' lang='lat' dir='ltr'>a</span> <span class='ocrx_word' id='word_1_267' title='bbox 1413 3949 1470 3997; x_wconf 88' lang='lat' dir='ltr'>pue-</span> 
     </span>
     <span class='ocr_line' id='line_1_34' title="bbox 335 4012 1468 4078; baseline 0.004 -18"><span class='ocrx_word' id='word_1_268' title='bbox 335 4012 396 4060; x_wconf 90' lang='lat' dir='ltr'>mihi</span> <span class='ocrx_word' id='word_1_269' title='bbox 410 4013 519 4076; x_wconf 88' lang='lat' dir='ltr'>quidam.</span> <span class='ocrx_word' id='word_1_270' title='bbox 545 4016 669 4078; x_wconf 81' lang='lat' dir='ltr'>Equidem</span> <span class='ocrx_word' id='word_1_271' title='bbox 678 4015 698 4064; x_wconf 89' lang='lat' dir='ltr'>si</span> <span class='ocrx_word' id='word_1_272' title='bbox 716 4022 757 4074; x_wconf 88' lang='lat' dir='ltr'>ut,</span> <span class='ocrx_word' id='word_1_273' title='bbox 774 4015 839 4077; x_wconf 87' lang='lat' dir='ltr'>quod</span> <span class='ocrx_word' id='word_1_274' title='bbox 856 4014 882 4061; x_wconf 91' lang='lat' dir='ltr'>in</span> <span class='ocrx_word' id='word_1_275' title='bbox 923 4012 956 4061; x_wconf 88' lang='lat' dir='ltr'>ris</span> <span class='ocrx_word' id='word_1_276' title='bbox 974 4013 1077 4061; x_wconf 83' lang='lat' dir='ltr'>maximi</span> <span class='ocrx_word' id='word_1_277' title='bbox 1095 4014 1168 4061; x_wconf 88' lang='lat' dir='ltr'>amici</span> <span class='ocrx_word' id='word_1_278' title='bbox 1189 4013 1300 4062; x_wconf 87' lang='lat' dir='ltr'>fuissent.</span> <span class='ocrx_word' id='word_1_279' title='bbox 1333 4015 1468 4065; x_wconf 84' lang='lat' dir='ltr'>Ruhnken.</span> 
     </span>
     <span class='ocr_line' id='line_1_35' title="bbox 272 4092 1469 4158; baseline 0.002 -18"><span class='ocrx_word' id='word_1_280' title='bbox 272 4117 274 4121; x_wconf 95' lang='lat'>·</span> <span class='ocrx_word' id='word_1_281' title='bbox 337 4092 480 4143; x_wconf 82' lang='lat' dir='ltr'>nulloCod.</span> <span class='ocrx_word' id='word_1_282' title='bbox 502 4095 602 4157; x_wconf 86' lang='lat' dir='ltr'>legitur,</span> <span class='ocrx_word' id='word_1_283' title='bbox 621 4095 746 4157; x_wconf 84' lang='lat' dir='ltr'>legeretur</span> <span class='ocrx_word' id='word_1_284' title='bbox 762 4095 788 4141; x_wconf 92' lang='lat' dir='ltr'>in</span> <span class='ocrx_word' id='word_1_285' title='bbox 805 4093 883 4142; x_wconf 91' lang='lat' dir='ltr'>omni·</span> <span class='ocrx_word' id='word_1_286' title='bbox 923 4092 955 4140; x_wconf 92' lang='lat' dir='ltr'>ad</span> <span class='ocrx_word' id='word_1_287' title='bbox 971 4092 1072 4141; x_wconf 85' lang='lat' dir='ltr'>Terent.</span> <span class='ocrx_word' id='word_1_288' title='bbox 1088 4109 1111 4155; x_wconf 88' lang='lat' dir='ltr'>p.</span> <span class='ocrx_word' id='word_1_289' title='bbox 1132 4093 1338 4152; x_wconf 60' lang='lat' dir='ltr'>renumeravit,</span> <span class='ocrx_word' id='word_1_290' title='bbox 1355 4094 1469 4158; x_wconf 86' lang='lat' dir='ltr'>frequens</span> 
     </span>
     <span class='ocr_line' id='line_1_36' title="bbox 336 4170 1470 4236; baseline 0.004 -18"><span class='ocrx_word' id='word_1_291' title='bbox 336 4170 390 4231; x_wconf 85' lang='lat' dir='ltr'>bus,</span> <span class='ocrx_word' id='word_1_292' title='bbox 399 4174 480 4236; x_wconf 85' lang='lat' dir='ltr'>potius</span> <span class='ocrx_word' id='word_1_293' title='bbox 491 4173 607 4223; x_wconf 89' lang='lat' dir='ltr'>delerem.</span> <span class='ocrx_word' id='word_1_294' title='bbox 624 4175 657 4223; x_wconf 89' lang='lat' dir='ltr'>In</span> <span class='ocrx_word' id='word_1_295' title='bbox 665 4175 769 4235; x_wconf 87' lang='lat' dir='ltr'>abrupto</span> <span class='ocrx_word' id='word_1_296' title='bbox 783 4187 883 4221; x_wconf 76' lang='grc'><strong>111111111-</strong></span> <span class='ocrx_word' id='word_1_297' title='bbox 923 4185 976 4219; x_wconf 74' lang='lat' dir='ltr'>mse</span> <span class='ocrx_word' id='word_1_298' title='bbox 1000 4173 1065 4234; x_wconf 86' lang='lat' dir='ltr'>apud</span> <span class='ocrx_word' id='word_1_299' title='bbox 1090 4173 1174 4234; x_wconf 75' lang='lat' dir='ltr'>poetas</span> <span class='ocrx_word' id='word_1_300' title='bbox 1195 4175 1362 4234; x_wconf 73' lang='lat' dir='ltr'>pulcherrime</span> <span class='ocrx_word' id='word_1_301' title='bbox 1385 4190 1470 4222; x_wconf 83' lang='lat' dir='ltr'>reram</span> 
     </span>
     <span class='ocr_line' id='line_1_37' title="bbox 336 4253 1470 4317; baseline -0.002 -14"><span class='ocrx_word' id='word_1_302' title='bbox 336 4255 368 4303; x_wconf 86' lang='lat' dir='ltr'>tis</span> <span class='ocrx_word' id='word_1_303' title='bbox 381 4254 419 4302; x_wconf 88' lang='lat' dir='ltr'>ira</span> <span class='ocrx_word' id='word_1_304' title='bbox 435 4262 460 4303; x_wconf 92' lang='lat' dir='ltr'>et</span> <span class='ocrx_word' id='word_1_305' title='bbox 476 4255 615 4317; x_wconf 81' lang='lat' dir='ltr'>indignatio</span> <span class='ocrx_word' id='word_1_306' title='bbox 627 4254 676 4302; x_wconf 88' lang='lat' dir='ltr'>iam</span> <span class='ocrx_word' id='word_1_307' title='bbox 689 4255 773 4302; x_wconf 86' lang='lat' dir='ltr'>statim</span> <span class='ocrx_word' id='word_1_308' title='bbox 784 4253 883 4302; x_wconf 90' lang='lat' dir='ltr'>eminet.</span> <span class='ocrx_word' id='word_1_309' title='bbox 923 4267 969 4314; x_wconf 87' lang='lat' dir='ltr'>pro</span> <span class='ocrx_word' id='word_1_310' title='bbox 988 4253 1156 4313; x_wconf 75' lang='lat' dir='ltr'>pulcherrime</span> <span class='ocrx_word' id='word_1_311' title='bbox 1183 4254 1309 4300; x_wconf 84' lang='grc' dir='ltr'><strong>110011011οι</strong></span> <span class='ocrx_word' id='word_1_312' title='bbox 1350 4253 1470 4301; x_wconf 83' lang='lat' dir='ltr'>Formula</span> 
     </span>
     <span class='ocr_line' id='line_1_38' title="bbox 372 4331 1469 4399; baseline -0.002 -15"><span class='ocrx_word' id='word_1_313' title='bbox 372 4333 792 4399; x_wconf 63' lang='grc' dir='ltr'>1201110011,1111101111000111011.ρ</span> <span class='ocrx_word' id='word_1_314' title='bbox 808 4334 883 4381; x_wconf 79' lang='lat' dir='ltr'>Prae·</span> <span class='ocrx_word' id='word_1_315' title='bbox 923 4332 985 4380; x_wconf 91' lang='lat' dir='ltr'>mihi</span> <span class='ocrx_word' id='word_1_316' title='bbox 1002 4331 1037 4379; x_wconf 91' lang='lat' dir='ltr'>sic</span> <span class='ocrx_word' id='word_1_317' title='bbox 1056 4331 1202 4393; x_wconf 85' lang='lat' dir='ltr'>explicanda</span> <span class='ocrx_word' id='word_1_318' title='bbox 1223 4331 1332 4380; x_wconf 88' lang='lat' dir='ltr'>videtur:</span> <span class='ocrx_word' id='word_1_319' title='bbox 1355 4334 1469 4393; x_wconf 84' lang='lat' dir='ltr'>pulcher·-</span> 
     </span>
     <span class='ocr_line' id='line_1_39' title="bbox 339 4408 1469 4476; baseline -0.004 -12"><span class='ocrx_word' id='word_1_320' title='bbox 339 4416 391 4465; x_wconf 84' lang='lat' dir='ltr'>fero</span> <span class='ocrx_word' id='word_1_321' title='bbox 408 4416 480 4464; x_wconf 89' lang='lat' dir='ltr'>alteri</span> <span class='ocrx_word' id='word_1_322' title='bbox 496 4414 661 4472; x_wconf 85' lang='lat' dir='ltr'>distinctioni,</span> <span class='ocrx_word' id='word_1_323' title='bbox 677 4415 740 4476; x_wconf 81' lang='lat' dir='ltr'>quid</span> <span class='ocrx_word' id='word_1_324' title='bbox 756 4417 818 4476; x_wconf 73' lang='lat' dir='ltr'>apis,</span> <span class='ocrx_word' id='word_1_325' title='bbox 829 4416 884 4462; x_wconf 81' lang='lat' dir='ltr'>ded·</span> <span class='ocrx_word' id='word_1_326' title='bbox 924 4416 1002 4469; x_wconf 84' lang='lat' dir='ltr'>rime,</span> <span class='ocrx_word' id='word_1_327' title='bbox 1020 4408 1163 4459; x_wconf 75' lang='lat' dir='ltr'>dulcissime</span> <span class='ocrx_word' id='word_1_328' title='bbox 1178 4427 1279 4468; x_wconf 77' lang='grc'><strong>1111101,</strong></span> <span class='ocrx_word' id='word_1_329' title='bbox 1304 4418 1341 4459; x_wconf 89' lang='lat' dir='ltr'>est</span> <span class='ocrx_word' id='word_1_330' title='bbox 1357 4412 1469 4461; x_wconf 90' lang='lat' dir='ltr'>omnium</span> 
     </span>
     <span class='ocr_line' id='line_1_40' title="bbox 336 4491 1469 4554; baseline -0.004 -8"><span class='ocrx_word' id='word_1_331' title='bbox 336 4497 445 4553; x_wconf 75' lang='lat' dir='ltr'>bissinis,</span> <span class='ocrx_word' id='word_1_332' title='bbox 462 4498 563 4544; x_wconf 75' lang='lat' dir='ltr'>resumi</span> <span class='ocrx_word' id='word_1_333' title='bbox 587 4495 644 4543; x_wconf 91' lang='lat' dir='ltr'>Iam</span> <span class='ocrx_word' id='word_1_334' title='bbox 665 4492 725 4541; x_wconf 90' lang='lat' dir='ltr'>olim</span> <span class='ocrx_word' id='word_1_335' title='bbox 746 4495 776 4541; x_wconf 91' lang='lat' dir='ltr'>de</span> <span class='ocrx_word' id='word_1_336' title='bbox 793 4507 820 4541; x_wconf 89' lang='lat' dir='ltr'>re</span> <span class='ocrx_word' id='word_1_337' title='bbox 837 4494 884 4542; x_wconf 86' lang='lat' dir='ltr'>ista</span> <span class='ocrx_word' id='word_1_338' title='bbox 925 4506 1021 4548; x_wconf 83' lang='lat' dir='ltr'>rerum,</span> <span class='ocrx_word' id='word_1_339' title='bbox 1047 4504 1214 4553; x_wconf 88' lang='lat' dir='ltr'>quaecumque</span> <span class='ocrx_word' id='word_1_340' title='bbox 1235 4491 1327 4554; x_wconf 91' lang='lat' dir='ltr'>ubique</span> <span class='ocrx_word' id='word_1_341' title='bbox 1349 4492 1375 4540; x_wconf 92' lang='lat' dir='ltr'>in</span> <span class='ocrx_word' id='word_1_342' title='bbox 1396 4494 1469 4542; x_wconf 85' lang='lat' dir='ltr'>terris</span> 
     </span>
     <span class='ocr_line' id='line_1_41' title="bbox 336 4569 1469 4638; baseline -0.002 -13"><span class='ocrx_word' id='word_1_343' title='bbox 336 4576 412 4625; x_wconf 83' lang='lat' dir='ltr'>fuisse</span> <span class='ocrx_word' id='word_1_344' title='bbox 428 4575 576 4633; x_wconf 84' lang='lat' dir='ltr'>dubitatum,</span> <span class='ocrx_word' id='word_1_345' title='bbox 593 4581 695 4638; x_wconf 86' lang='lat' dir='ltr'>apparet</span> <span class='ocrx_word' id='word_1_346' title='bbox 707 4588 740 4621; x_wconf 83' lang='lat' dir='ltr'>ex</span> <span class='ocrx_word' id='word_1_347' title='bbox 752 4571 884 4621; x_wconf 79' lang='grc'><strong>0011111101]-</strong></span> <span class='ocrx_word' id='word_1_348' title='bbox 924 4578 996 4631; x_wconf 87' lang='lat' dir='ltr'>sunt,</span> <span class='ocrx_word' id='word_1_349' title='bbox 1004 4569 1157 4626; x_wconf 88' lang='lat' dir='ltr'>dulcissime,</span> <span class='ocrx_word' id='word_1_350' title='bbox 1168 4569 1332 4634; x_wconf 88' lang='lat' dir='ltr'>pulcherrime</span> <span class='ocrx_word' id='word_1_351' title='bbox 1343 4580 1401 4622; x_wconf 92' lang='lat' dir='ltr'>ante</span> <span class='ocrx_word' id='word_1_352' title='bbox 1417 4590 1469 4623; x_wconf 90' lang='lat' dir='ltr'>om·</span> 
     </span>
     <span class='ocr_line' id='line_1_42' title="bbox 338 4649 1469 4719; baseline 0 -15"><span class='ocrx_word' id='word_1_353' title='bbox 338 4663 425 4715; x_wconf 84' lang='lat' dir='ltr'>tatere,</span> <span class='ocrx_word' id='word_1_354' title='bbox 442 4656 485 4719; x_wconf 89' lang='lat' dir='ltr'>qui</span> <span class='ocrx_word' id='word_1_355' title='bbox 509 4658 580 4710; x_wconf 83' lang='lat' dir='ltr'>docet</span> <span class='ocrx_word' id='word_1_356' title='bbox 604 4654 716 4703; x_wconf 88' lang='lat' dir='ltr'>ordinem</span> <span class='ocrx_word' id='word_1_357' title='bbox 733 4667 797 4701; x_wconf 88' lang='lat' dir='ltr'>csse:</span> <span class='ocrx_word' id='word_1_358' title='bbox 823 4653 884 4714; x_wconf 84' lang='lat' dir='ltr'>quid</span> <span class='ocrx_word' id='word_1_359' title='bbox 926 4651 975 4699; x_wconf 85' lang='lat' dir='ltr'>nia.</span> <span class='ocrx_word' id='word_1_360' title='bbox 1009 4649 1063 4696; x_wconf 92' lang='lat' dir='ltr'>Iam</span> <span class='ocrx_word' id='word_1_361' title='bbox 1080 4663 1119 4698; x_wconf 90' lang='lat' dir='ltr'>res</span> <span class='ocrx_word' id='word_1_362' title='bbox 1136 4665 1233 4708; x_wconf 88' lang='lat' dir='ltr'>omnes,</span> <span class='ocrx_word' id='word_1_363' title='bbox 1250 4653 1346 4712; x_wconf 87' lang='lat' dir='ltr'>omnia,</span> <span class='ocrx_word' id='word_1_364' title='bbox 1364 4655 1469 4718; x_wconf 89' lang='lat' dir='ltr'>complc-</span> 
     </span>
     <span class='ocr_line' id='line_1_43' title="bbox 337 4732 1470 4799; baseline -0.003 -13"><span class='ocrx_word' id='word_1_365' title='bbox 337 4753 424 4786; x_wconf 87' lang='lat' dir='ltr'>rerum</span> <span class='ocrx_word' id='word_1_366' title='bbox 440 4740 502 4799; x_wconf 70' lang='lat' dir='ltr'>apis.</span> <span class='ocrx_word' id='word_1_367' title='bbox 537 4735 609 4796; x_wconf 87' lang='lat' dir='ltr'>Quod</span> <span class='ocrx_word' id='word_1_368' title='bbox 626 4732 731 4782; x_wconf 88' lang='lat' dir='ltr'>Plautus</span> <span class='ocrx_word' id='word_1_369' title='bbox 750 4741 774 4779; x_wconf 85' lang='lat' dir='ltr'>et</span> <span class='ocrx_word' id='word_1_370' title='bbox 791 4732 884 4780; x_wconf 89' lang='lat' dir='ltr'>Tereu-</span> <span class='ocrx_word' id='word_1_371' title='bbox 926 4736 1026 4780; x_wconf 81' lang='lat' dir='ltr'>ciuntur</span> <span class='ocrx_word' id='word_1_372' title='bbox 1051 4744 1148 4792; x_wconf 87' lang='lat' dir='ltr'>quoque</span> <span class='ocrx_word' id='word_1_373' title='bbox 1175 4732 1290 4781; x_wconf 73' lang='lat' dir='ltr'>hanzines.</span> <span class='ocrx_word' id='word_1_374' title='bbox 1331 4732 1396 4782; x_wconf 89' lang='lat' dir='ltr'>Illud</span> <span class='ocrx_word' id='word_1_375' title='bbox 1421 4751 1470 4784; x_wconf 86' lang='grc'><strong>010-</strong></span> 
     </span>
    </p>
   </div>
   <div class='ocr_carea' id='block_1_9' title="bbox 0 0 1884 5759">
    <p class='ocr_par' dir='ltr' id='par_1_12' title="bbox 0 0 1884 5759">
     <span class='ocr_line' id='line_1_44' title="bbox 0 0 1884 5759; baseline 0 0"><span class='ocrx_word' id='word_1_376' title='bbox 0 0 1884 5759; x_wconf 95' lang='lat' dir='ltr'> </span> 
     </span>
    </p>
   </div>
  </div>
 </body>
</html>
