3750 5759
366 720 428 782 122
756 715 1105 783 SATIRARUM

410 914 526 979 Fertur
549 914 582 974 et
604 908 683 972 baec
705 906 847 972 moriens
870 907 979 992 pueris
1003 906 1126 970 dixisse
1149 905 1272 970 vocatis

408 1016 463 1080 Ad
485 1014 624 1079 lectum:
650 1012 853 1096 „Postquam
877 1016 910 1075 te
934 1010 1037 1093 talos,
1061 1010 1165 1091 Aule,
1189 1031 1352 1094 nucesque

409 1119 530 1204 „Ferre
553 1117 628 1182 sinu
650 1116 743 1198 laxo,
768 1116 887 1180 donare
911 1121 944 1181 et
967 1115 1078 1180 ludere
1101 1114 1187 1197 vidi,

411 1224 492 1307 „Te,
517 1220 641 1303 Tiberi,
666 1242 853 1303 numerare,
878 1219 966 1284 cavis
991 1220 1187 1284 abscondere
1210 1218 1356 1297 tristem,

410 1326 602 1412 „Extimui‚
627 1347 668 1389 ne
691 1346 749 1390 vos
773 1330 883 1409 ageret
906 1323 1040 1389 vesania
1056 1322 1197 1404 discere,

411 1432 481 1516 „Tu
504 1432 766 1511 Nomentanum,
791 1434 829 1494 tu
852 1451 893 1494 ne
917 1450 1084 1514 sequerere
1108 1427 1267 1493 Cicutam.

411 1534 541 1619 „Quare
565 1556 623 1620 per
646 1534 738 1599 divos
763 1536 873 1599 oratus
896 1538 1033 1618 uterque
1057 1533 1216 1613 Penates,

411 1640 481 1722 „Tu
504 1661 581 1705 cave
604 1660 645 1703 ne
668 1638 817 1721 minuas,
843 1642 880 1702 tu
904 1660 946 1702 ue
969 1637 1075 1701 maius
1100 1636 1200 1701 facias
1225 1635 1276 1717 id,

411 1743 530 1827 „Quod
553 1741 633 1806 satis
658 1762 728 1806 esse
751 1744 849 1826 putat
871 1744 965 1826 pater
987 1744 1021 1804 et
1043 1744 1161 1803 natura
1183 1743 1315 1804 coercet.

411 1848 605 1931 „Praeterea
627 1867 668 1909 ne
691 1866 749 1909 vos
773 1843 889 1908 titillet
911 1844 1035 1928 gloria,
1060 1843 1130 1907 iure

411 1949 578 2031 „Iurando
602 1949 806 2033 obstringam
829 1948 946 2013 ambo:
969 1953 1043 2013 uter
1066 1946 1181 2013 aedilis
1206 1945 1344 2011 fueritve

412 2053 590 2136 „Vestrum
612 2058 759 2139 praetor,
784 2053 812 2118 is
836 2053 1036 2118 intestabilis
1061 2058 1094 2118 et
1117 2074 1206 2118 sacer
1229 2056 1308 2117 este.

411 2157 475 2240 „ln
498 2157 598 2223 cicere
622 2162 719 2242 atque
742 2157 818 2222 faba
840 2157 927 2221 bona
950 2163 987 2221 tu
1009 2157 1190 2241 perdasque
1213 2154 1356 2240 lupiniS,
1428 2167 1432 2176 ’

412 2260 538 2343 „Latus
561 2267 600 2325 ut
622 2261 658 2326 in
681 2262 764 2327 circo
789 2262 929 2347 spatiere
953 2266 986 2326 et
1008 2266 1127 2326 aeneus
1151 2265 1190 2325 ut
1213 2265 1299 2341 sice,

411 2363 552 2445 „Nudus
576 2365 682 2449 agris,
711 2365 819 2430 nudus
843 2364 1012 2448 nummis,
1036 2364 1169 2447 insane,
1193 2362 1359 2449 paternis?

413 2467 570 2549 „Scilicet
589 2474 628 2533 ut
650 2469 803 2554 plausus,
830 2490 910 2554 quos
933 2468 997 2533 fert
1019 2468 1185 2553 Agrippa,
1209 2467 1293 2532 feras
1321 2473 1373 2548 tn,

413 2571 559 2654 „Astuta
581 2573 763 2658 ingenuum
786 2572 901 2657 vulpes
923 2571 1055 2636 imitata
1080 2572 1251 2637 leonem?“

412 2674 485 2757 „Ne
509 2675 580 2761 quis
600 2677 755 2741 humasse
777 2676 859 2741 velit
885 2675 1037 2758 Aiacem,
1058 2676 1194 2759 Atrida,
1218 2682 1309 2741 vetas
1331 2677 1431 2740 (ιιι.Ῥιί

367 2829 439 2877 batur
455 2844 537 2878 sensa.
571 2828 672 2878 Servius
692 2829 751 2877 olins
767 2829 910 2890 interprete·
954 2843 1016 2875 aem.
1050 2826 1247 2876 Commentator:
1270 2826 1360 2887 „Quod
1385 2825 1424 2875 leo
1447 2826 1504 2873 viri-

366 2918 407 2957 tur
423 2908 523 2959 Horatii
539 2924 612 2959 caesa
626 2911 743 2971 antiquo,
761 2923 811 2957 non
822 2908 913 2969 cogitm
954 2907 1013 2964 bue,
1026 2907 1072 2953 hoc
1082 2906 1169 2970 vulpes
1180 2915 1284 2955 conatur
1296 2906 1388 2955 astutis
1399 2905 1505 2955 facere.“

367 2989 397 3037 de
414 2991 481 3038 dives
497 2990 567 3051 apris
583 2995 608 3036 et
624 2990 692 3037 clives
708 3004 834 3051 aprorum.
859 2987 913 3036 Du·
956 2986 1116 3035 Constructio
1136 2995 1219 3035 autem
1242 2987 1277 3034 sie
1301 2986 1449 3049 explicanda
1470 2986 1505 3033 vi-

367 3067 416 3115 bito
438 3082 471 3115 an
490 3068 577 3117 Burm.
598 3068 629 3114 ad
646 3068 746 3116 Petron.
765 3067 798 3119 79
814 3067 861 3114 hoo
878 3067 914 3114 in-
956 3066 1041 3113 detur:
1058 3073 1086 3114 tu
1103 3067 1189 3129 vulpes
1201 3067 1303 3115 imitaris
1314 3066 1426 3123 leonem,
1437 3065 1506 3113 filius

366 3146 495 3194 tellexerit.
864 3142 866 3146 ’
957 3144 1058 3207 Oppidii
1073 3146 1178 3194 imitaris
1195 3146 1350 3209 Agrippam,
1374 3151 1402 3192 ut
1420 3151 1504 3193 astuto

400 3226 484 3273 Latus
506 3230 536 3272 at
557 3226 584 3273 ia
603 3227 669 3274 circo
685 3227 802 3286 spatiere.
837 3226 914 3274 Hein-
956 3226 1031 3272 modo
1050 3225 1219 3287 consequaris,
1241 3226 1307 3288 quod
1328 3224 1369 3272 ille
1390 3238 1505 3272 consecu-

367 3304 672 3353 siusooniieiebatleatas.
699 3304 826 3353 Bentleius
838 3307 914 3370 expli·
958 3311 997 3351 tus
1015 3313 1052 3353 est
1068 3305 1184 3367 ingenuo.
1219 3305 1289 3353 Ante
1311 3307 1398 3366 vulpes
1414 3302 1505 3352 omitti·

367 3392 407 3433 cat
424 3385 567 3448 vulgatum,
585 3391 711 3448 tamquam
725 3386 816 3433 dictum
829 3388 914 3434 eodem
957 3390 1000 3431 ιιι
1017 3390 1059 3443 at,
1078 3391 1219 3447 tamquam,
1236 3383 1319 3447 ellipsi
1336 3382 1441 3432 Horatio
1458 3381 1505 3429 fre·

367 3480 441 3514 sensu
458 3472 482 3514 et
499 3465 552 3527 pari
567 3465 724 3527 metaphora,
741 3480 791 3527 qua
804 3468 916 3514 sublimis
958 3465 1131 3527 quentissima,
1157 3480 1181 3512 v.
1209 3478 1231 3511 c.
1255 3464 1335 3527 Epist.
1362 3465 1383 3512 Ι.
1409 3478 1439 3511 11.
1465 3463 1505 3512 26.

367 3548 493 3602 incedere,
511 3547 592 3604 cuius,
609 3551 633 3593 et
650 3545 707 3593 huic
722 3545 807 3593 similis
823 3546 914 3594 formu·
962 3545 1072 3591 Virtrset
1092 3545 1163 3592 caea
1182 3545 1338 3600 immundas,
1363 3546 1402 3592 vel
1423 3543 1507 3593 amica

367 3624 419 3683 lae,
436 3624 516 3672 multa
532 3623 646 3687 exempla
662 3626 777 3688 apponit,
796 3628 844 3673 lati
861 3626 915 3673 nul·
958 3623 1013 3670 tata
1023 3637 1074 3671 aas.
1092 3622 1142 3673 Sed
1153 3624 1180 3671 in
1190 3623 1234 3671 tali
1245 3622 1426 3686 comparatione
1436 3636 1505 3685 prae·

368 3706 433 3763 lum,
459 3706 507 3753 nisi
532 3706 598 3768 quod
622 3704 741 3755 Senecam
762 3706 841 3769 Epist,
861 3707 915 3756 115,
957 3702 1028 3765 cipue
1056 3704 1195 3765 quaeritur,
1223 3704 1282 3766 quid
1309 3703 1376 3752 filius
1406 3702 1507 3765 Oppidii

368 3785 478 3832 omnium
498 3786 617 3841 aeteram,
639 3799 700 3845 quos
720 3787 832 3834 incedere
853 3788 917 3836 altos
959 3783 1049 3845 egerit,
1066 3782 1147 3846 vulpis
1158 3784 1240 3832 minor
1250 3785 1313 3833 ratio
1324 3783 1436 3832 habetur.
1452 3782 1506 3833 Me·

369 3864 448 3919 vider,
466 3866 595 3912 mactante
605 3863 723 3925 felicitas
740 3872 792 3913 eat:
810 3880 861 3913 nou
877 3869 917 3915 el·
958 3862 1007 3909 lius
1028 3869 1125 3924 putem:
1156 3868 1244 3913 uatum
1264 3865 1398 3925 ingenuam
1419 3864 1507 3925 vulpes

370 3949 408 3991 tos
425 3942 468 3991 sed
485 3944 549 3990 latos
559 3941 682 4003 scripsisse
693 3943 837 4006 suspicetur.
860 3945 917 4007 Ego
958 3946 1059 3993 imitate
1083 3946 1181 3993 leonem.
1219 3945 1254 3992 Et
1275 3958 1346 3992 casus
1367 3944 1506 3999 vocativus,

370 4022 464 4070 dudum
480 4035 512 4068 ex
529 4021 576 4069 isto
594 4020 700 4071 Senecae
716 4022 769 4070 loeo
783 4023 916 4071 Horatium
959 4031 984 4074 et
1000 4031 1125 4073 mutatum
1142 4039 1220 4086 genus
1231 4032 1289 4072 sunt
1300 4032 1446 4074 ornamenta
1457 4038 1505 4075 sor·

370 4115 423 4149 esse
436 4101 617 4149 emendandum
634 4103 732 4163 putavi:
751 4104 828 4151 Altae
843 4110 874 4151 at
890 4105 917 4151 ιιι
959 4105 1039 4153 monis
1056 4105 1150 4167 poetici.
1185 4105 1277 4168 virgil.
1299 4106 1366 4154 Aen.
1383 4104 1432 4153 IX.
1450 4104 1506 4153 485.

370 4184 437 4230 circo
451 4182 568 4244 spatiere.
602 4182 689 4229 Horat.
711 4180 794 4230 Carm.
812 4181 861 4230 IV.
878 4196 916 4239 nr,
959 4187 1021 4233 Hert
1037 4190 1108 4233 terra
1125 4185 1211 4246 tpaota
1226 4187 1330 4234 eunitae
1341 4185 1507 4248 datepraeda

370 4261 410 4308 44.
429 4261 526 4310 Reiecit
534 4262 809 4314 altodoaartucente'am
831 4264 917 4311 Vultu.
959 4265 1069 4313 Latinis.

371 4339 472 4388 Petron.
498 4341 521 4388 5.
564 4341 618 4388 Nec
643 4346 717 4389 caret
745 4342 798 4390 alto
822 4343 917 4403 reptem
994 4345 1034 4393 Ne
1060 4346 1116 4406 quta
1148 4346 1263 4393 humasse
1294 4346 1355 4393 velit
1389 4343 1506 4399 Atatem,

371 4426 467 4469 trucem
483 4420 564 4467 culta.
590 4418 640 4479 Qui
651 4418 715 4467 altus
726 4420 855 4483 spatiatur,
867 4420 917 4469 alto
961 4426 1206 4482 Atridaaetaacur?
1223 4425 1424 4489 Exhocquoquo
1432 4439 1508 4475 versu

372 4498 442 4546 vultu
460 4498 549 4556 reiicit,
565 4505 625 4545 trux
644 4506 692 4555 est,
710 4500 820 4547 hominos
838 4508 863 4549 et
878 4516 917 4550 res
960 4514 1074 4567 apparet,
1096 4506 1180 4568 poetas
1198 4506 1256 4553 data
1272 4521 1347 4570 opera
1363 4520 1437 4570 saepe
1453 4506 1506 4555 bre·

371 4578 484 4639 despicit,
501 4584 552 4625 tam
569 4576 633 4625 bono
650 4593 725 4640 quam
742 4579 807 4628 malo
818 4594 900 4629 sensu.
961 4599 1017 4631 vem
1034 4584 1155 4647 syllabam
1173 4586 1331 4648 produxisse,
1349 4594 1377 4634 ut
1394 4586 1507 4635 varietati

405 4658 554 4706 Doderlinus
571 4659 678 4707 defendit
690 4662 760 4709 latas
771 4676 816 4723 pro
827 4663 917 4711 elatas.
961 4671 985 4711 ct
1002 4679 1046 4726 per
1057 4680 1112 4712 cam
1124 4665 1232 4727 eleganti
1243 4666 1410 4729 negligentiae
1420 4679 1506 4714 consu·

407 4742 501 4789 Aetate
513 4742 647 4802 inpensam
659 4743 745 4803 vrsipea
757 4744 859 4791 imitata
872 4746 917 4793 leo·
961 4743 1048 4792 lerant.
1082 4746 1199 4793 Horatius
1216 4743 1256 4793 hic
1272 4759 1365 4794 morem
1378 4744 1507 4808 vulgatum
