3750 5759
783 667 964 732 LIBER
1011 670 1034 733 Ι.

388 848 462 913 Non
487 850 572 916 ridet
597 873 708 916 vorsus
735 851 823 916 Enni
847 854 1010 936 gravitate
1034 855 1195 938 minoreS,

341 1016 474 1065 emendare
485 1018 587 1080 parabat
602 1033 689 1068 versus
702 1019 799 1068 Lucilii.
822 1019 888 1080 Qua·

340 1102 413 1145 tenus
430 1097 556 1147 Lucilium
573 1114 605 1148 ex
622 1099 768 1163 fragmentis
785 1107 809 1148 et
827 1099 888 1148 iudi·

340 1175 380 1225 cio
395 1177 494 1226 Horatii
511 1179 638 1235 novimus,
661 1179 764 1227 minime
785 1180 805 1227 is
822 1187 889 1235 erat,

340 1256 385 1318 qui
401 1255 450 1304 tale
466 1271 557 1305 munus
574 1265 639 1306 recte
656 1258 798 1322 susciperet.
824 1258 888 1307 Ver·

335 1349 383 1385 sus
408 1335 539 1384 nonnullos
560 1338 633 1386 Accii
655 1338 726 1401 parvi
744 1338 889 1396 aestimare,

340 1414 495 1476 vituperare,
513 1417 593 1465 ridere
609 1424 712 1480 poterat,
730 1424 826 1480 poterat
837 1434 888 1465 ma·

342 1499 414 1552 tare,-
431 1494 475 1541 sed
492 1509 525 1542 an
542 1509 620 1543 unum
638 1497 672 1544 ita
688 1504 786 1545 mutare
803 1497 888 1554 sciret,

340 1579 369 1620 ut
394 1572 547 1623 emendatior
572 1575 620 1623 dici
641 1583 790 1633 mereretur,
816 1577 889 1625 valde

341 1652 434 1701 dubito.
468 1653 552 1702 Multa
567 1655 590 1702 ci
613 1655 728 1714 deerant,
745 1656 889 1720 ingenium,

339 1733 440 1796 peritia,
457 1749 532 1795 usus,
548 1737 675 1800 exempla,
691 1739 821 1801 quominus
844 1738 890 1786 boc

341 1814 388 1862 rite
404 1823 540 1878 perageret.
575 1815 643 1876 Quid
659 1826 724 1866 esset
740 1818 806 1867 lento
823 1817 889 1866 festi·

341 1908 412 1950 nare,
437 1908 491 1942 rem
512 1903 624 1944 accurate
645 1897 814 1955 considerare,
831 1898 889 1946 seri-

341 1973 414 2022 bendi
426 1972 535 2022 laborem
545 1973 617 2034 ferre,
634 1990 735 2039 prorsus
752 1976 889 2041 ignorabat.

343 2051 395 2114 Qui
422 2053 484 2101 vitia
505 2053 631 2117 scriptoris
664 2057 787 2114 sentiunt,
815 2058 888 2105 iidem

340 2139 470 2196 propterea
487 2141 564 2183 artem
582 2135 724 2198 corrigendi
745 2152 795 2185 non
812 2138 888 2200 possi-

340 2211 407 2261 dent.
441 2213 534 2272 Iocari,
555 2215 666 2264 cavillari
682 2216 828 2265 facillimum
846 2224 889 2264 est·

341 2291 409 2350 Hoc,
434 2302 507 2356 puto,
535 2294 641 2343 faciebat
668 2295 787 2345 Lucilius.
823 2294 888 2356 Quo·

341 2371 424 2429 modo,
441 2387 502 2420 mox
517 2372 664 2422 videbimus.

374 2452 444 2501 Idem
461 2455 561 2502 ridebat
577 2468 665 2503 versus
676 2454 753 2504 Ennii
763 2456 891 2517 putatote

929 1036 972 1068 sos
993 1025 1052 1071 sicci
1068 1025 1196 1085 paritate
1214 1025 1338 1091 retiatores?
1367 1023 1479 1072 Lucilius

929 1101 994 1148 comi
1010 1115 1101 1164 genere
1118 1103 1214 1150 dicendi
1225 1103 1347 1165 garriens,
1358 1104 1478 1161 Ennium,

929 1195 1010 1243 saepe,
1027 1182 1101 1230 etiam
1118 1189 1189 1230 extra
1206 1182 1367 1244 tragoediam,
1383 1183 1479 1246 tragico

929 1274 998 1308 more
1023 1261 1109 1310 fortius
1126 1261 1267 1324 loquentem
1288 1268 1312 1309 et
1328 1268 1478 1319 tumentem,

929 1347 1020 1388 mutat:
1047 1343 1160 1403 tropicas
1184 1340 1302 1403 figurate,
1328 1348 1356 1388 ut
1377 1341 1478 1391 Graecis

929 1421 1061 1483 τραγικὸς,
1084 1418 1229 1484 τραγωδεῐν.
1263 1419 1373 1479 Ennius,
1396 1421 1477 1470 iudice

929 1497 1034 1557 Lucilio,
1052 1498 1096 1556 ibi,
1115 1498 1156 1545 ubi
1172 1497 1240 1546 loeus
1257 1513 1307 1548 non
1325 1508 1385 1558 crat,
1403 1501 1477 1549 inter-

929 1576 989 1624 dum
1011 1577 1107 1640 proiicit
1123 1577 1257 1640 ampullas,
1274 1578 1367 1642 tragice
1383 1581 1477 1644 ampul-

928 1655 1002 1706 latur.
1039 1657 1092 1706 Hos
1110 1671 1197 1705 versus
1214 1663 1311 1715 ructat,
1338 1658 1405 1705 aliud
1423 1673 1477 1707 ver-

930 1736 989 1783 bum
1011 1735 1057 1784 alii
1084 1735 1224 1794 substituit,
1248 1736 1366 1799 pleraque
1382 1746 1478 1796 servat,

930 1823 1004 1878 atque
1028 1815 1062 1863 ita
1078 1823 1170 1871 mutat,
1192 1825 1220 1864 ut
1242 1831 1329 1865 versus
1347 1817 1372 1864 in
1390 1817 1478 1865 ridicu-

928 1893 982 1942 lum
1007 1894 1216 1957 detorqueantur,
1242 1895 1362 1959 παρῳδεῖ.
1406 1897 1479 1946 Ratio

930 1972 1041 2022 Graecae
1058 1973 1172 2036 paradise
1193 1989 1225 2022 ex
1243 1973 1350 2024 Comicis
1367 1976 1478 2034 discitur,

929 2051 1036 2100 Latinae
1053 2052 1168 2117 exempla
1179 2055 1342 2102 animadverti
1359 2055 1479 2104 nonnulla

930 2131 955 2178 in
965 2131 1062 2180 Plauto.
1081 2133 1176 2181 Notum
1193 2133 1255 2182 illud
1273 2133 1383 2182 Terentii
1392 2135 1478 2183 Eunu-

929 2211 969 2258 chi
987 2209 1037 2258 III.
1055 2225 1080 2259 v.
1107 2212 1146 2260 42.
1172 2219 1289 2275 atquem
1307 2217 1409 2262 Deum!
1435 2219 1479 2278 qui

931 2294 1024 2351 terrrplrr
1049 2293 1110 2340 coeli
1133 2309 1231 2341 ruarmo
1252 2296 1337 2342 sonitu
1358 2299 1477 2343 corrorrte't.

908 2350 911 2401 i
932 2369 982 2418 Ubi
1007 2371 1136 2419 Donatus:
1166 2373 1302 2436 „Ilapqrbr'a
1330 2375 1361 2422 de
1387 2375 1478 2422 Ennio.

931 2447 1060 2497 Sententia
1070 2450 1178 2514 tragica,
1189 2453 1233 2501 sed
1247 2453 1277 2500 dc
1289 2452 1418 2512 industria,
1429 2469 1478 2503 non

341 2532 457 2580 minores.
474 2530 672 2582 commentator:
691 2536 789 2590 „asinus
803 2551 890 2596 prares
930 2533 1039 2577 errore.“
1068 2529 1164 2579 Omiiii)
1180 2530 1242 2590 flia,
1259 2545 1322 2595 quie
1347 2533 1373 2579 iu
1390 2533 1478 2583 Satiris

341 2626 418 2673 qaam
434 2618 557 2673 cportet.“
575 2614 729 2677 Porphyrio:
747 2615 821 2672 „Non
829 2629 889 2678 ergo
931 2607 1050 2657 Romanis
1067 2617 1092 2656 et
1103 2609 1297 2672 Epigrammatis
1309 2612 1477 2661 inveniuntur.

341 2691 416 2740 etium
434 2692 502 2740 Enni
525 2707 612 2742 versus
630 2693 706 2752 ridet,
723 2693 766 2756 qui
782 2695 889 2743 minores
930 2687 988 2751 Ipse
1004 2689 1123 2737 Horatius
1141 2690 1209 2738 dedit
1224 2693 1345 2754 exenrpld.
1376 2693 1479 2756 Inepius

342 2778 401 2820 sunt
419 2787 570 2836 quamquam
587 2773 734 2836 dignitatem
750 2774 802 2823 eius
814 2777 890 2838 possis
930 2768 1003 2829 po'c'ta
1013 2768 1106 2816 Furius
1118 2768 1228 2817 dixerat:
1246 2772 1351 2832 Iupiter·
1362 2773 1478 2821 hibernas

341 2852 463 2916 assequi.“
480 2852 532 2902 Ubi
542 2840 675 2915 legendum
693 2851 888 2917 videturzquam
930 2862 994 2896 caua
1011 2851 1068 2895 raiae
1095 2850 1210 2910 conspuit
1229 2851 1318 2911 Alpes,
1344 2849 1478 2909 Horatius,

341 2934 387 2994 qui
407 2934 560 2994 dipnitatem
584 2935 639 2980 eius
661 2933 759 2994 possint
781 2936 888 2996 rasseqrrr'.
931 2940 1005 2974 versu
1022 2933 1132 2985 ructato,
1163 2929 1262 2976 Furius
1279 2929 1395 2977 lucernas
1414 2945 1479 2977 carra

341 3009 417 3059 Ridet
438 3025 524 3059 versus
544 3012 661 3074 quisunt
682 3012 790 3060 minores
807 3014 889 3076 gravi·

341 3095 392 3136 tate
408 3089 496 3138 Ennii:
522 3090 610 3138 melius
633 3090 820 3140 Commentator
836 3091 890 3141 iun·

341 3168 380 3231 git
402 3184 490 3218 rasus
513 3172 607 3228 Ennii,
629 3173 736 3221 irrisores
755 3175 889 3236 proritare.

931 3008 987 3055 niae
1004 3009 1118 3071 corupcit
1136 3009 1221 3070 Alpes.
1254 3007 1333 3056 Plura
1346 3023 1379 3057 ex
1398 3009 1478 3058 Hora·

930 3087 966 3135 tio
982 3103 1033 3136 non
1050 3089 1151 3146 addam,
1169 3090 1211 3137 sed
1228 3089 1342 3138 omittere
1357 3104 1408 3138 non
1424 3105 1479 3153 pos-

930 3181 1000 3226 sum,
1021 3183 1086 3232 quas
1106 3168 1225 3232 leguntur
1241 3169 1268 3218 in
1284 3169 1346 3218 Vita
1361 3169 1479 3234 Virgilii:

345 3248 468 3296 Gravitas
492 3263 543 3297 non
560 3256 597 3298 est
614 3251 705 3309 virtus,
726 3267 775 3316 qua
791 3253 890 3302 Ennius
930 3246 1130 3304 „obtrectatores
1154 3248 1264 3312 Virgilio
1286 3264 1413 3313 nunquam
1439 3251 1479 3299 de·

341 3343 401 3392 prae
417 3331 518 3381 metaris
540 3332 619 3394 potitis
642 3341 763 3382 censetur,
798 3331 890 3393 Quam.
930 3325 1039 3377 fuerunt.
1056 3329 1123 3378 Nam
1132 3343 1164 3376 ne
1175 3329 1286 3377 Homero
1295 3331 1402 3393 quidem.
1416 3331 1479 3379 Pro-

341 3422 417 3473 quam
435 3410 519 3459 rolin
535 3411 681 3473 fragmentis
703 3412 778 3460 multi
802 3428 888 3462 versus
930 3405 987 3455 latis
1003 3407 1127 3457 Bucolicis
1145 3409 1313 3457 innominatus
1323 3409 1424 3472 quidam
1441 3424 1479 3458 re·

342 3489 465 3552 gravitate
480 3489 605 3553 conspicui
622 3492 787 3554 reperiuntur,
812 3491 890 3541 veluti
930 3485 1029 3549 scripsit
1037 3486 1223 3545 Antibucolica,
1240 3489 1302 3536 duas
1318 3489 1392 3536 modo
1408 3488 1479 3537 Eclo·

342 3571 401 3617 tetta
410 3568 528 3632 serratas
543 3577 626 3631 postes
642 3578 750 3629 caetera,
771 3579 796 3620 st
817 3570 890 3620 multi
931 3579 989 3628 3⁰⁸,
1006 3567 1049 3614 sed
1066 3565 1230 3614 insulsissime
1244 3566 1408 3630 παρῳδήσας,
1420 3581 1479 3631 qlia-

342 3647 382 3696 alii
398 3648 451 3698 siue
468 3648 543 3697 dubio
564 3651 743 3713 reperirentur,
764 3651 785 3698 si
800 3651 891 3714 scripta
930 3660 988 3694 rum
1016 3645 1104 3709 prioris
1126 3645 1224 3694 initium
1250 3652 1299 3694 est:
1318 3647 1436 3709 ,Tityra,
1458 3650 1480 3694 rr·

342 3727 441 3791 integra
462 3729 494 3777 ad
517 3744 562 3778 nos
579 3730 758 3792 pervenissent,
776 3731 890 3780 Annales
932 3732 989 3787 topa
1005 3726 1080 3774 calda
1097 3728 1211 3785 tibiaci,
1228 3741 1276 3788 quo
1294 3726 1479 3791 teprrrirsefapi?

343 3821 397 3857 v.c.
415 3810 480 3857 unde
496 3810 586 3859 Livius
603 3809 673 3858 initia
689 3811 813 3859 Historiae
829 3825 890 3859 suae
930 3807 1067 3869 sequentis:
1081 3809 1133 3855 Dic
1144 3808 1219 3865 nrirrt,
1240 3805 1361 3854 Damoeta
1367 3824 1376 3864 ,·
1394 3808 1479 3854 caium

342 3885 378 3933 ita
393 3901 493 3936 ornasse
515 3889 628 3947 videtur,
644 3896 672 3937 ut
692 3889 772 3937 multa
794 3888 890 3938 disiecti
928 3901 1017 3947 pectas,
1042 3903 1108 3935 sarrs
1125 3887 1267 3934 Latinum?
1302 3887 1368 3944 Non,
1394 3903 1480 3935 verum

342 3967 548 4028 poemenembra
559 3969 584 4016 in
596 3969 625 4017 iis
637 3977 778 4032 appareant.
795 3971 889 4032 Quam·
932 3969 1040 4028 deponis
1070 3969 1151 4016 nostri
1185 3968 1220 4016 ria
1247 3982 1308 4014 rure
1335 3967 1479 4028 loquuntur.

342 4061 417 4108 quam
434 4048 510 4112 igitur
527 4050 625 4099 Ennius
642 4052 770 4112 pravitate
786 4051 889 4100 minime
931 4044 1016 4102 Alius,
1032 4047 1151 4096 recitante
1167 4062 1197 4096 ea
1213 4061 1245 4095 ex
1263 4046 1405 4108 Georgicis:
1426 4049 1480 4093 Nu·

342 4125 389 4175 tuit
409 4128 553 4185 destitutus,
576 4128 654 4177 multa
678 4137 761 4178 tamen
778 4131 890 4179 carmina
931 4125 1052 4184 dus'aro,
1068 4127 1230 4176 ratbodus:
1247 4127 1363 4185 subiecit,
1381 4129 1481 4176 babebis

341 4209 484 4270 composuit,
492 4208 519 4257 in
529 4209 619 4272 quibus
630 4211 743 4272 pravitas
754 4224 805 4258 non
813 4209 889 4269 laudi,
924 4204 1037 4268 frigora
1049 4205 1173 4268 sebrerrr.“
1200 4207 1325 4255 Lucilium
1347 4205 1391 4253 tali
1407 4206 1481 4253 modo

342 4287 385 4335 sed
406 4287 467 4336 vitio
489 4289 627 4337 duceretur.
666 4288 750 4349 Quare
776 4290 889 4339 Lucilius
931 4287 1012 4349 egisse
1036 4287 1062 4335 in
1084 4287 1179 4345 Ennio,
1206 4286 1313 4349 intelligi
1337 4286 1426 4349 poterit
1448 4300 1480 4334 ex

342 4367 378 4416 sic
393 4367 442 4417 dici
463 4383 514 4418 non
530 4376 610 4433 potest
627 4383 714 4418 versus
731 4371 816 4420 minus
833 4388 889 4435 gra·
931 4366 1090 4415 annotatione
1117 4365 1198 4415 Servii
1223 4366 1255 4413 ad
1273 4366 1338 4414 Aen.
1356 4365 1405 4413 XI.
1423 4365 1479 4414 601.

344 4461 386 4495 ves
403 4451 497 4498 meuse.
931 4447 1100 4507 lateferrecs
1112 4446 1193 4494 bostis
1206 4447 1304 4494 Horret
1316 4461 1382 4507 oper.
1401 4445 1480 4502 „Ver-

375 4527 490 4578 Fortasse
506 4529 645 4578 Horatiana
663 4529 751 4578 melius
768 4529 889 4594 intellige·
930 4540 974 4574 sus
999 4525 1130 4574 Ennianus
1156 4525 1308 4589 vituperatus
1326 4525 1421 4574 Lucilio
1445 4525 1480 4572 di·

342 4614 435 4666 rentur,
452 4607 487 4656 ita
502 4615 630 4672 concepta:
650 4611 697 4657 Nil
713 4611 789 4659 contis
797 4612 891 4671 tropici
931 4606 995 4654 centi
1013 4621 1056 4670 per
1079 4604 1218 4654 irrisionem
1235 4604 1348 4654 debuisse
1365 4619 1421 4653 eum
1444 4605 1479 4652 di·

343 4693 427 4736 nrutat
444 4689 563 4738 Lucilius
576 4687 667 4737 Enni?
693 4689 890 4738 Nonridstver·
909 4753 915 4768 ι
931 4700 998 4736 cere:
1016 4689 1101 4736 barret
1117 4691 1142 4733 et
1159 4684 1232 4748 alpet.
1267 4685 1339 4735 Unde
1362 4685 1481 4734 Horatius

1302 4764 1349 4831 gif
