3750 5759
792 691 970 756 LIBER
1015 693 1039 756 l.

389 878 521 944 Vilibus
547 879 582 942 n
606 877 693 942 iuda
718 877 834 943 aretari
858 877 1004 942 carmina
1028 877 1146 941 mata
1171 859 1176 867 '

391 984 466 1049 Non
490 1004 550 1068 ego
561 1009 569 1060 ;
594 1003 672 1046 nam
683 980 764 1046 satis
777 986 845 1064 cst,
858 980 1002 1066 equitem
1012 981 1095 1045 mihi
1107 981 1282 1067 plaudere,
1308 986 1345 1045 ut
1357 980 1480 1063 audax,

391 1086 598 1173 Contemptis
623 1085 716 1168 aliis,
741 1085 877 1170 explosa
899 1084 1087 1150 Arbuscula
1110 1084 1203 1150 dixit.

391 1192 478 1257 Men’
503 1197 634 1256 moveat
656 1189 763 1256 cimex
787 1187 970 1270 Pantilius,
995 1195 1053 1254 aut
1076 1189 1212 1271 cruciet,
1238 1190 1324 1275 quod

388 1295 531 1361 Vellicet
553 1294 723 1359 absentem
748 1292 955 1374 Demetrius,
982 1298 1041 1358 aut
1063 1293 1151 1379 quod
1173 1292 1305 1378 ineptus

391 1398 539 1464 Fannius
563 1396 783 1483 Hermogenis
806 1396 917 1461 laedat
940 1395 1079 1461 conviva
1101 1395 1239 1481 Tigelli?

392 1501 520 1567 Plotius
543 1506 577 1566 et
599 1499 737 1583 Varius,
763 1500 935 1565 Maecenas
958 1498 1200 1585 Virgiliusque,

393 1604 554 1690 Valgius,
579 1609 612 1669 et
634 1602 750 1688 probet
771 1603 850 1668 haec
875 1602 1030 1669 Octavius
1054 1603 1219 1688 optimuS,
1244 1608 1342 1687 atquc

392 1710 539 1791 Fuscus,
564 1713 597 1773 et
619 1708 698 1773 haec
720 1707 849 1772 utinam
873 1706 1047 1773 Viscorum
1070 1707 1184 1772 laudet
1206 1707 1355 1792 uterque!

391 1812 584 1879 Ambitione
607 1811 756 1897 relegata
779 1816 811 1876 te
834 1811 940 1876 dicere
965 1832 1117 1897 possum,

391 1917 515 1999 Pollio,
540 1921 588 1999 tc,
614 1915 770 1998 Messala,
795 1922 852 1980 tuo
876 1916 1089 1998 cumfratre,
1115 1915 1278 2000 simulque

391 2020 477 2103 Vos,
503 2019 621 2085 Bibule
644 2025 678 2085 et
702 2019 809 2102 Servi,
835 2019 934 2084 simul
959 2019 1011 2084 his
1033 2028 1085 2102 te,
1110 2018 1248 2084 candide
1271 2017 1386 2102 Furni,

394 2124 586 2210 Complures
610 2123 711 2206 alios,
737 2121 850 2188 doctos
875 2144 936 2208 ego
960 2145 1041 2209 quos
1065 2129 1099 2189 et
1121 2122 1242 2188 amicos

394 2228 541 2295 Prudens
564 2234 749 2313 praeterea,
774 2226 893 2313 quibus
916 2227 1014 2309 haec,
1040 2226 1108 2292 sint
1131 2225 1402 2311 qualiacumque,

391 2332 544 2397 Arridere
566 2330 684 2414 velim,
708 2329 889 2413 doliturus,
914 2329 944 2395 si
966 2330 1119 2415 placeant
1141 2351 1199 2414 spe

393 2437 544 2502 Deterius
569 2441 688 2501 nostra
738 2435 902 2518 Demetri,
927 2440 1043 2521 teque,
1067 2433 1203 2520 Tigelli,

395 2539 640 2626 Discipularum
665 2539 751 2604 inter
773 2539 869 2604 iubeo
892 2539 1020 2624 plorare
1043 2538 1222 2604 cathedras.

396 2647 432 2728 Ι,
456 2665 558 2730 puer,
582 2648 681 2729 atque
704 2665 778 2708 meo
802 2643 887 2709 citus
911 2643 990 2709 haec
1014 2642 1180 2708 subscribe
1205 2642 1325 2712 libello

379 2799 540 2848 Probetlraec
549 2796 895 2858 Ootatiaaoptiraar.Quam-
936 2798 1082 2860 paedagogo
1115 2810 1160 2844 neo
1182 2796 1306 2857 magistris
1331 2795 1484 2843 committere

346 2892 425 2940 quam
440 2878 487 2926 hoc
506 2892 557 2926 non
573 2892 606 2927 ex
625 2877 714 2925 nostris
731 2877 840 2926 moribus
859 2878 895 2925 iu·
937 2874 1049 2925 audebat.
1083 2876 1146 2924 Dixi
1170 2877 1201 2924 ad
1226 2877 1250 2924 h.
1276 2876 1293 2925 l.
1318 2874 1437 2924 nonnulla
1453 2878 1484 2925 de

346 2957 481 3005 dicandum
501 2958 545 3016 sit,
573 2970 664 3005 nomen
680 2963 764 3004 tamen
783 2956 896 3019 Augusti
936 2956 1046 3006 moribus
1073 2956 1232 3019 turpissimis.
1278 2957 1331 3022 3Hio
1357 2963 1484 3020 praeterea

347 3035 387 3084 aie
406 3037 471 3085 inter
495 3036 619 3100 Valgium
644 3044 669 3085 ot
692 3036 801 3085 Fuscum
829 3036 896 3099 poni,
936 3039 1014 3087 affero
1030 3038 1194 3102 Epigramma
1215 3053 1248 3087 ex
1270 3038 1377 3088 Anthol.
1400 3039 1483 3086 Latin.

348 3116 435 3165 miror.
473 3117 549 3166 Recto
570 3117 619 3165 viri
637 3116 702 3165 docti
724 3115 801 3164 alium
823 3115 895 3165 Octa·
936 3120 1023 3167 Burm.
1042 3118 1072 3166 Τ.
1090 3119 1111 3167 Ι.
1128 3134 1152 3181 p.
1169 3120 1226 3168 453.
1252 3118 1325 3182 idque
1348 3132 1377 3166 eo
1397 3117 1482 3166 luben·

349 3195 421 3243 vium
436 3196 572 3259 significari
584 3197 700 3244 iudicant.
735 3194 807 3255 Quod
820 3194 896 3242 Bent-
937 3200 986 3248 tius
1004 3199 1063 3262 quia
1087 3198 1190 3247 sortasse
1216 3198 1304 3247 melius
1329 3199 1484 3261 interpretari

349 3273 414 3322 laius
441 3275 584 3339 distinguit:
616 3279 711 3325 Probet
735 3277 794 3323 liaeo
821 3275 897 3322 Octa·
937 3279 995 3337 scio,
1011 3293 1088 3342 quam
1098 3279 1260 3326 Burmannus
1272 3277 1340 3327 lecit:
1361 3281 1400 3328 De
1417 3280 1485 3327 Lucii

349 3356 419 3411 viru,
430 3356 539 3416 optioius
550 3361 625 3418 atque
639 3356 748 3411 Porcia,
765 3353 827 3401 mihi
842 3368 896 3416 pro·
917 3336 919 3423 i
943 3357 1074 3420 illriqirtro.
1111 3359 1232 3407 Iadoctra
1249 3365 1361 3407 teneram
1373 3363 1484 3419 rracepit

349 3440 436 3497 pterea
452 3448 501 3482 non
518 3435 621 3491 arridet,
643 3435 709 3499 quod
726 3434 794 3482 lusus
821 3433 897 3481 videri
942 3439 1046 3487 Crrleulo
1061 3439 1162 3499 pribeor,
1191 3438 1275 3496 erara
1297 3442 1367 3499 capot
1388 3440 1485 3498 primia

349 3514 429 3577 possit
453 3515 480 3562 in
501 3515 601 3563 nomina
629 3518 704 3564 Fusci
723 3515 828 3573 ririrtii,
847 3515 898 3563 Ho·
939 3517 1032 3564 discere
1048 3517 1173 3565 liter-alas.
1208 3518 1258 3565 Sed
1282 3532 1358 3578 qaum
1374 3517 1484 3578 aucipa-

349 3594 416 3643 ratio
431 3601 483 3643 tam
501 3596 629 3659 indignus,
654 3603 683 3646 ut
700 3594 739 3643 vel
753 3595 846 3658 species
863 3595 898 3642 vi·
940 3594 976 3644 loa
993 3596 1062 3644 uallo
1087 3601 1184 3646 terrore
1201 3596 1303 3655 coircet,
1332 3597 1371 3643 Et
1385 3597 1485 3656 feralia

351 3676 430 3725 tanda
445 3683 518 3725 esset.
939 3676 1028 3738 culpas
1046 3679 1132 3725 tollere
1148 3682 1229 3726 cessat
1251 3679 1335 3724 irrora:
1359 3677 1486 3724 Proiectis

386 3753 580 3817 Discipularum
609 3757 676 3802 iatrr
701 3756 770 3803 tabeo
800 3756 900 3816 plorare
937 3757 1013 3816 paeri
1030 3758 1124 3805 tabulis
1159 3759 1275 3806 Floralia
1297 3758 1397 3805 ladani.
1425 3756 1484 3803 Iara

350 3836 493 3884 cathedras.
526 3834 647 3883 Horatius
664 3833 819 3883 acerbissime
830 3833 899 3882 inve·
940 3852 1027 3885 nomen
1045 3838 1099 3884 larii
1115 3838 1165 3884 rite
1181 3838 1300 3899 ruapioter
1318 3837 1399 3884 habet.
1416 3836 1484 3884 Acu-

352 3916 422 3963 hitur
437 3915 463 3962 in
479 3915 604 3970 inimicos,
616 3914 731 3977 aquibus
746 3914 833 3962 absens
849 3913 899 3962 vel-
939 3930 998 3964 men
1014 3915 1208 3979 Epigrammatis
1232 3916 1279 3965 hoc
1298 3929 1352 3965 ease
1373 3915 1484 3965 videtur:

350 3994 480 4044 licabatur.
513 3995 548 4044 Hi
565 4001 635 4042 erant
652 3995 738 4058 poitae
754 3992 899 4056 ludimagis-
941 3995 1063 4058 Magister
1079 3997 1173 4059 aceepit
1183 4010 1274 4044 nomeu
1290 3997 1367 4055 Flori,
1384 3996 1442 4060 quia
1459 3997 1485 4044 in

353 4076 395 4124 tri.
427 4075 571 4124 Demetrius
594 4083 619 4124 et
636 4074 759 4137 Tigellius
776 4074 900 4122 habebant
939 4075 1024 4124 schola
1039 4075 1093 4124 ludi
1108 4074 1220 4125 Floralia
1235 4090 1251 4123 a
1266 4077 1350 4138 pueris
1366 4075 1484 4124 ludeban-

351 4157 503 4218 dircipulas,
520 4155 555 4203 ita
573 4155 660 4212 dictas,
678 4163 705 4202 ut
723 4157 846 4204 Pediatia
854 4169 899 4218 pro
939 4164 987 4207 tur.
1005 4156 1045 4204 Do
1058 4154 1120 4204 festo
1131 4156 1250 4205 obscoeno
1266 4157 1350 4203 omnia
1361 4155 1484 4214 nota,ch

357 4236 484 4285 Pediatia.
506 4236 635 4284 'Miseram
658 4235 797 4283 scholarum
817 4236 899 4283 condi·
940 4251 973 4284 ex
989 4235 1104 4285 Martiale
1121 4237 1143 4285 1.
1160 4236 1200 4284 36.
1217 4237 1282 4295 Quia
1300 4237 1415 4284 Floralia
1433 4251 1483 4284 oea-

353 4315 447 4364 tionam
463 4322 489 4363 et
504 4315 636 4364 imminens
647 4316 757 4379 undique
768 4315 900 4378 pudicitiae
942 4318 986 4376 tit,
999 4319 1153 4365 etrtolatarrr
1170 4317 1304 4363 Permittit
1314 4316 1485 4363 rueretricibra

354 4393 491 4457 [loriculam
528 4395 649 4443 Horatius
682 4395 834 4458 significavit
874 4396 899 4444 iu
939 4397 1074 4458 pudorem?

354 4472 430 4523 Satir.
449 4473 470 4522 1.
488 4487 525 4522 vr.
543 4474 586 4524 81.
613 4475 749 4536 Ipsemilri
765 4480 849 4523 orator
862 4476 900 4522 ia·
974 4473 1134 4524 Heindorfius
1165 4474 1230 4522 inter
1258 4476 1398 4536 aucipites
1428 4488 1487 4537 pua·

355 4555 563 4616 comptissimus
579 4569 660 4603 orum
672 4553 775 4603 Circam
790 4555 901 4604 doctores
942 4569 982 4603 ros
1007 4569 1105 4620 quoquc
1137 4555 1240 4617 cogitari
1273 4562 1360 4618 putat,
1399 4569 1487 4618 nempo

354 4635 454 4683 odaat.
483 4635 541 4697 Ipse
566 4641 635 4698 pator
659 4648 744 4682 curam
766 4635 836 4696 pueri
856 4649 902 4683 nec
943 4636 1036 4684 molles.

837 4765 1000 4788 —aeooem
