3750 5759
780 675 825 737 ll.
872 693 999 740 sarran
1021 695 1072 741 111.
1434 684 1492 748 191

367 862 468 925 planem
485 857 688 921 remaneretis
704 858 821 922 Agrippa
837 858 934 917 habuit,
957 874 1016 909 cum
1037 861 1076 909 vis
1100 876 1115 909 a
1132 862 1236 913 stultitia
1252 862 1351 927 vulpes,
1368 865 1410 916 ille
1427 868 1465 917 vir
1481 883 1497 915 a

368 941 494 992 nobilitate
508 947 537 989 ιιι
552 939 614 988 leo.“
649 939 806 1002 Legendum:
824 952 897 998 „cum
913 939 947 988 sis
964 940 994 988 ab
1011 940 1103 993 astutia
1119 940 1218 1006 vulpes,
1235 949 1264 992 ut
1280 943 1323 1000 ille
1334 945 1373 996 vir
1384 947 1496 997 anobili·

368 1029 418 1071 tute
434 1022 497 1071 leo.“
569 1035 572 1048 ’

419 1103 449 1152 P.
468 1103 523 1156 124.
558 1101 686 1159 „Rectum
702 1100 781 1154 enimi
802 1098 923 1150 snum?“
957 1099 1141 1159 ‚,Quorsum?“
1174 1101 1292 1164 Longum
1313 1112 1350 1154 est
1371 1118 1497 1168 enarrare,

368 1197 443 1246 quarn
459 1180 534 1230 variis
550 1179 629 1228 modis
645 1178 790 1241 interpretes
806 1193 863 1228 cnm
879 1180 971 1230 vetusti
989 1186 1044 1228 tum
1062 1181 1209 1231 recentiores
1226 1197 1346 1246 quereum
1362 1187 1498 1248 explanare

369 1267 494 1311 conentur.
528 1259 596 1313 Satis
610 1258 704 1311 habebo
720 1256 809 1307 affeme
824 1258 915 1308 scholia
931 1259 1039 1308 Acronis
1050 1266 1075 1308 et
1084 1260 1271 1324 Porphyrionis.
1299 1263 1381 1316 Acro:
1397 1267 1497 1325 „Qum

369 1358 426 1391 sum
441 1343 553 1390 insanus.
570 1339 630 1403 quia
645 1338 726 1390 mults
742 1352 835 1401 genere
850 1339 961 1394 insaniae
977 1348 1048 1399 sunt,
1069 1342 1101 1390 de
1119 1341 1209 1405 quibus
1231 1341 1278 1391 suit
1294 1343 1398 1394 insanm
1413 1346 1498 1397 Aiax?

370 1422 402 1470 In
418 1436 468 1485 quo
483 1421 600 1472 manus?
617 1418 649 1468 ob
665 1434 741 1482 quarn
757 1420 887 1468 caussam?
912 1419 966 1478 val,
992 1420 1018 1468 in
1043 1435 1118 1484 quam
1142 1425 1270 1484 partem?“
1303 1422 1372 1473 Acro
1397 1424 1500 1477 iortmsc

369 1502 433 1550 vidit
447 1516 551 1564 crurum
566 1513 612 1564 pro
627 1514 754 1563 quorsum.
781 1499 825 1548 Ad
842 1514 948 1562 quorum
964 1506 1031 1549 certo
1045 1500 1152 1564 pertinet
1168 1516 1224 1564 pars
1240 1502 1307 1565 prior
1318 1503 1412 1554 scholii.
1438 1505 1500 1556 Por·

370 1581 473 1645 phyrio:
490 1580 630 1639 „Quorum
646 1578 711 1632 irrter
727 1591 802 1642 quos,
825 1577 852 1626 in
872 1577 961 1641 quibus
978 1579 1079 1629 insanus
1096 1587 1144 1638 est,
1160 1586 1246 1633 utrum
1262 1581 1499 1646 interluxerunt,

372 1675 405 1709 an
429 1661 493 1709 inter
519 1659 691 1714 ambitiososl“
725 1656 800 1707 Alter
828 1657 854 1706 in
881 1673 988 1720 quorum
1012 1659 1136 1722 cogitabat
1160 1663 1270 1723 nepotis,
1296 1661 1360 1711 alter
1385 1665 1501 1714 tornines.

371 1741 468 1792 Omitto
484 1741 596 1790 diversas
611 1739 775 1788 recentiorum
791 1738 925 1801 opiniones.
960 1739 1023 1788 Dico
1043 1746 1141 1789 tantum
1162 1748 1300 1804 suspectum
1316 1742 1378 1796 mihi
1393 1758 1446 1794 esse
1462 1745 1500 1795 lo.

372 1822 510 1881 cntionem,
537 1827 634 1870 rectum
655 1820 734 1868 animi
749 1833 863 1878 inuare,
887 1833 933 1882 pro
950 1835 1014 1868 sona
1031 1826 1112 1870 mente
1127 1835 1190 1878 esse,
1214 1835 1271 1870 cum
1287 1821 1364 1885 vulgo
1380 1824 1502 1886 significet

371 1903 493 1952 uirtutem
508 1902 599 1958 coiere,
609 1899 698 1962 secere
713 1900 780 1962 quod
795 1901 885 1952 bortum
900 1905 926 1948 et
943 1902 1040 1949 iustum
1056 1907 1100 1949 est.
1135 1899 1196 1951 Sola
1210 1909 1336 1964 ponuntur
1352 1903 1398 1955 sibi
1407 1912 1501 1954 eontra

372 1981 410 2029 ria
424 1985 519 2030 rectum
535 1988 560 2030 et
573 1996 690 2043 pravum.
724 1981 834 2028 Rectum
851 1981 931 2031 animi
947 1987 1013 2037 tum,
1029 1982 1116 2041 oredo,
1132 1980 1279 2031 inusitatum
1296 1990 1345 2040 est,
1357 1998 1431 2047 quam
1442 2001 1501 2047 prn-

372 2078 431 2110 rmm
447 2061 526 2110 animi
541 2067 611 2108 esset.
643 2058 702 2106 Non
718 2071 759 2105 me
775 2056 851 2120 fugit,
865 2074 970 2121 peccare
986 2065 1010 2108 et
1022 2060 1172 2108 insanirein
1183 2060 1229 2109 hac
1240 2062 1404 2124 disputatione
1415 2065 1501 2113 eodem

373 2143 424 2191 fere
443 2139 535 2199 redire,
555 2136 689 2188 Horatium
710 2144 795 2186 tamen
811 2137 935 2200 scripsisse
951 2143 1024 2200 puto:
1057 2141 1165 2187 Rectum
1182 2142 1262 2188 enimi
1278 2155 1362 2189 aerum
1378 2145 1503 2193 cursum?

372 2219 497 2284 Exempla
511 2218 631 2282 quaedam
647 2217 789 2275 ostendent,
806 2231 882 2280 quum
898 2216 1000 2281 pulchre
1016 2218 1063 2265 hoc
1079 2218 1170 2266 dictum
1187 2219 1226 2267 sit.
1259 2219 1347 2270 Horat.
1369 2221 1406 2270 Π.
1428 2222 1503 2274 Satir.

373 2301 408 2350 V.
426 2300 465 2353 78.
501 2302 612 2362 Tuncque
625 2299 730 2361 pudico,
752 2297 836 2355 Quom
852 2300 969 2360 nequiere
982 2299 1054 2359 proci
1071 2304 1138 2347 recto
1159 2300 1279 2360 depellere
1303 2316 1387 2350 cursu.
1421 2304 1502 2352 Hora-

373 2382 422 2429 tius
438 2381 463 2429 b.
480 2380 498 2429 l.
515 2392 574 2427 mox
589 2377 711 2440 loquitur:
737 2378 799 2427 Stes
815 2379 912 2436 animo,
938 2382 967 2424 ιιι
989 2376 1086 2426 Ennius
1108 2378 1173 2440 apud
1190 2376 1303 2428 Ciceron.
1320 2380 1351 2428 do
1368 2380 1464 2432 Senect.
1481 2384 1505 2443 6,

378 2462 434 2521 Quo
451 2462 517 2510 tobia
534 2464 640 2517 mentes,
656 2464 739 2514 rectae
755 2473 819 2520 quae
834 2463 903 2509 stne
918 2459 1030 2509 edebant
1051 2460 1170 2517 antebac,
1194 2461 1317 2511 dementes
1340 2475 1392 2509 sese
1410 2463 1507 2525 flectere

373 2542 447 2592 vici?
479 2542 589 2598 Mentes,
612 2553 675 2602 quse
690 2538 752 2587 olim
768 2545 863 2587 rectum
879 2552 980 2587 cursum
996 2537 1140 2598 servabant,
1166 2553 1215 2601 quo
1240 2553 1266 2588 se
1291 2540 1342 2591 iarn
1367 2543 1505 2596 ocurrere?

374 2621 473 2671 Montes
498 2627 581 2670 rectae
604 2626 687 2678 stant,
714 2624 743 2666 ιιι
769 2619 919 2682 gubernator
947 2621 978 2668 ad
1003 2619 1114 2680 clarum,
1139 2619 1249 2670 clemens
1278 2621 1409 2685 Neptuno:
1443 2643 1505 2676 nun-

375 2717 451 2765 quam
468 2703 532 2750 banc
548 2715 649 2758 neuen,
665 2701 718 2748 nisi
732 2705 835 2751 rectum.
871 2698 983 2750 Cursum
1007 2715 1108 2750 seruare
1128 2706 1237 2748 nonest
1253 2713 1297 2749 cur
1314 2704 1433 2767 exemplis
1450 2720 1506 2755 con-

375 2783 479 2832 firmem.

424 2863 453 2911 P.
474 2861 528 2910 124.
563 2862 674 2909 Imauus
688 2861 751 2923 quid
765 2860 831 2908 enim
847 2860 919 2910 Δία
955 2860 1039 2918 Fecit,
1056 2874 1135 2922 quum
1152 2860 1249 2908 strauit
1257 2855 1432 2922 serropeeusi
1453 2865 1507 2915 Me·

375 2941 425 2993 lius
437 2941 540 2990 fortasse
555 2942 640 2990 insani
655 2941 717 3002 quid
731 2940 798 2988 enim
815 2939 888 2987 Aion
908 2941 988 2988 Fecit.
1024 2938 1092 3001 Quid
1113 2938 1193 2987 insani
1215 2944 1269 2986 erat
1284 2937 1310 2985 in
1328 2938 1393 2989 facto
1408 2943 1508 2996 Aleum

376 3021 503 3070 Interfecit
519 3019 587 3069 mille
603 3034 669 3069 oves.
702 3019 800 3068 Parum
815 3017 876 3069 mali
892 3019 919 3066 in
934 3032 963 3067 re
979 3017 1039 3077 ista,
1062 3025 1090 3068 ut
1110 3025 1240 3082 propterea
1260 3018 1388 3070 iusaniisse
1404 3024 1507 3076 dicatur.

376 3102 418 3150 Tu
435 3101 585 3157 insaniebas,
602 3115 658 3156 cum
675 3101 727 3148 rim
744 3099 816 3152 uxori
838 3104 863 3147 et
884 3105 957 3150 natm
981 3098 1110 3152 inferebas.
1144 3098 1191 3148 Ille
1215 3113 1265 3147 non
1293 3098 1441 3160 insaniebat,
1465 3105 1508 3168 qui

376 3182 530 3231 abstinuerit.

427 3263 456 3311 P.
477 3261 530 3311 126.
566 3262 643 3308 Hunc
658 3260 840 3309 circumtonuit
855 3260 949 3321 pladite
966 3260 1074 3307 Bellona
1090 3260 1209 3309 cruentis.
1243 3258 1348 3307 Rectum
1365 3274 1507 3324 quoquees-
1576 3283 1578 3288 ⁴

377 3348 430 3390 set:
441 3343 546 3403 foedus
567 3342 678 3389 Bellona
693 3341 812 3389 cruentis.
846 3337 1166 3388 Ovio.Meum.1v.480.
1195 3338 1331 3401 Tisiphone
1343 3343 1509 3403 nrnmfoctam

377 3422 498 3484 sanquine
512 3421 590 3469 sumit
615 3421 769 3481 Importunas
778 3418 873 3481 secem.
907 3417 1039 3472 Petronius
1059 3433 1084 3480 p.
1107 3419 1165 3467 593.
1187 3418 1219 3468 dc
1234 3418 1377 3467 Discordia:
1400 3421 1508 3485 Sanqui-

377 3515 451 3548 necm
467 3501 576 3550 tremula
590 3500 721 3562 quatiebat
738 3499 858 3559 lampade
874 3498 973 3546 deutra.
1008 3498 1086 3561 Apud
1103 3496 1211 3547 Statium
1237 3497 1316 3546 Theb.
1337 3498 1386 3548 IV.
1409 3501 1432 3549 5.
1455 3502 1510 3565 ipsa

379 3577 483 3627 Bellona
499 3594 576 3627 manu
593 3579 700 3626 rutilam
715 3579 825 3627 ostendit
834 3576 932 3640 facem.

429 3657 459 3707 P.
480 3659 533 3707 126.
568 3661 603 3706 Id
619 3660 690 3707 crede
707 3663 786 3706 tuum.
819 3657 907 3706 Livius
925 3656 1016 3706 XXII.
1033 3659 1073 3707 32.
1110 3659 1223 3706 Gratum
1244 3659 1292 3706 sibi
1310 3665 1399 3721 potres
1415 3663 1508 3711 Roma-

379 3753 424 3788 nos
444 3740 614 3801 populumque
630 3738 781 3801 sucturum,
808 3738 832 3785 si
855 3752 937 3787 ornnes
962 3752 1003 3787 res
1029 3738 1255 3800 Neapolitanorum
1278 3752 1339 3786 suos
1369 3740 1508 3791 deducent.

380 3816 458 3867 Plura
474 3818 618 3880 interpretes
635 3818 667 3864 ad
683 3817 784 3878 Euang.
800 3816 887 3865 Lucae
903 3816 979 3866 XVI.
996 3817 1036 3866 31.

429 3894 459 3943 Ρ.
479 3897 533 3948 127.
568 3899 656 3960 Sepnit
671 3911 726 3960 epo,
742 3897 873 3958 indicunt,
890 3899 935 3959 qui
957 3901 1055 3947 tanturn
1079 3898 1229 3960 possideam:
1248 3900 1335 3962 auser!
1370 3898 1447 3955 Sume
1463 3903 1511 3950 tibi

380 3979 474 4030 decim
492 3979 539 4026 tibi
555 3979 710 4034 tantundem.
744 3975 861 4026 Mallem:
879 3975 955 4039 auser
988 3978 1055 4026 Inde
1080 3978 1126 4028 tibi
1150 3978 1244 4027 decies!
1276 3975 1357 4026 Aufer
1381 3978 1453 4037 inde,
1476 3993 1508 4029 ex

380 4063 463 4114 tanto,
480 4058 548 4121 quod
564 4057 627 4106 mihi
642 4055 747 4105 nimium
764 4061 808 4104 est.

429 4137 459 4187 P.
480 4138 533 4186 130.
569 4136 651 4186 Cotem
668 4139 805 4187 medicusve
820 4137 913 4184 levarit
946 4138 1057 4200 Asprum
1073 4151 1104 4189 eu
1118 4138 1268 4199 praecipiti,
1286 4142 1366 4185 mater
1377 4137 1510 4188 delirum·

381 4219 449 4268 cubit
481 4219 516 4268 In
533 4218 614 4280 pelides
631 4217 718 4280 fisum
743 4219 815 4279 ripa,
835 4217 978 4280 febrimque
1007 4217 1114 4268 reducet.
1147 4215 1257 4265 Difficile
1285 4215 1364 4273 dictu,
1388 4216 1509 4278 quomodo

381 4296 436 4360 quis
451 4312 482 4346 ee
497 4298 632 4360 praecipiti
648 4295 756 4345 leuetur:
783 4296 826 4358 qui
853 4295 880 4343 in
901 4295 956 4344 loco
979 4294 1108 4360 praecipiti
1130 4300 1180 4347 stat
1196 4302 1220 4347 ct
1248 4294 1309 4343 inibi
1326 4301 1377 4352 cst,
1395 4301 1423 4343 ut
1439 4309 1508 4358 prae-

380 4391 437 4440 ceps
454 4386 505 4434 eat,
522 4377 637 4432 sistitur,
659 4390 710 4424 non
727 4377 788 4425 edeo
805 4377 910 4425 leuatur.
945 4375 1014 4424 Tum
1038 4377 1136 4425 enecabit
1160 4380 1185 4423 et
1203 4375 1302 4437 febrim
1329 4368 1439 4432 reducet,
1465 4374 1509 4437 hy·

381 4455 513 4519 sterologia
529 4454 591 4507 mihi
607 4455 713 4507 hicnon
729 4453 830 4503 ferenda
845 4454 950 4506 videtur.
983 4454 1079 4503 Versus
1101 4460 1166 4508 certe
1181 4453 1257 4516 longe
1274 4453 1438 4515 elegantiores
1454 4469 1509 4517 pro·

382 4535 474 4588 duone
503 4536 585 4587 ctae
602 4536 739 4588 medicusve
756 4536 859 4592 lerum,
886 4536 921 4582 In
945 4535 1028 4597 pelidc
1044 4534 1132 4597 fluum
1156 4536 1215 4597 ripa
1239 4535 1319 4583 delira
1339 4535 1444 4583 necabit.
1477 4533 1509 4582 In

382 4618 473 4665 lecerit
500 4615 572 4665 facile
595 4629 628 4666 ex
658 4613 811 4664 antecedenti
845 4615 967 4676 cogitetur
1000 4628 1113 4676 aeprum,
1145 4613 1173 4660 in
1205 4613 1286 4663 deliro
1310 4611 1431 4675 cogitetur
1458 4628 1508 4660 nra·

383 4701 428 4744 ter.
461 4695 565 4746 Cretera
591 4703 660 4753 sunt,
685 4699 758 4757 puto,
781 4693 922 4756 glossatoris
949 4693 1042 4757 politae.
1075 4692 1163 4741 Testor
1188 4692 1379 4755 uniuscuiusque
1400 4705 1508 4740 sensum.
