3750 5759
781 673 963 737 LIBER
1009 676 1053 738 ll.

389 857 625 941 Contemnere,
649 858 756 925 miser.
805 859 951 925 Vitanda
975 867 1026 927 est
1050 862 1198 947 improba
1222 864 1314 930 Siren

390 961 544 1045 Desidia,
569 967 645 1046 aut',
672 963 832 1049 quidquid
856 965 926 1029 vita
950 965 1084 1032 meliore
1105 967 1246 1052 parasti,

390 1064 587 1131 Ponendum
608 1088 710 1152 aequo
734 1067 880 1134 animo.“
930 1069 1001 1152 „Di
1025 1076 1073 1153 te,
1100 1070 1321 1158 Damasippe,
1346 1075 1487 1161 deaeque

366 1169 513 1236 -Verum
536 1171 578 1236 ob
601 1171 777 1237 consilium
801 1172 926 1238 donent
951 1174 1096 1239 tensorel
1146 1174 1210 1240 Sed
1233 1176 1320 1242 unde

389 1274 470 1340 Tam
492 1276 575 1341 bene
598 1298 652 1341 me
675 1276 810 1342 nosti?“
858 1278 1041 1363 Postquam
1065 1278 1172 1344 omnis
1195 1301 1246 1345 res
1270 1302 1343 1346 mea
1369 1282 1485 1348 Ianum

396 1380 451 1444 Ad
474 1379 624 1445 medium
647 1380 752 1446 fracta
773 1385 842 1464 est,
867 1380 975 1446 aliena
999 1382 1132 1467 negotia
1154 1405 1249 1466 curo,

392 1483 561 1549 Excessus
585 1485 736 1570 propriis.
786 1484 876 1551 Olim
900 1508 977 1550 nam
1002 1507 1155 1571 quaerere
1178 1489 1347 1573 amabam,

393 1588 465 1668 Quo
488 1587 578 1653 vafer
598 1588 656 1653 ille
678 1589 778 1675 pedes
801 1589 938 1654 lavisset
963 1589 1123 1675 Sisyphus
1148 1613 1236 1675 aere,

390 1690 478 1771 Quid
499 1693 667 1778 sculptum
690 1693 835 1777 infabre,
860 1695 939 1780 quid
963 1695 1075 1760 fusum
1099 1696 1212 1761 durius
1237 1705 1330 1763 esset.

392 1794 543 1861 Callidus
567 1797 644 1863 huic
669 1798 765 1884 signo
788 1799 951 1884 ponebam
975 1798 1083 1863 millia
1104 1805 1253 1864 centum:

390 1899 512 1966 Hortos
536 1901 748 1988 egregiasque
771 1902 885 1968 domos
909 1903 1081 1968 mercarier
1104 1925 1190 1969 unus

390 2002 475 2069 Cum
498 2006 588 2071 luoro
611 2028 744 2090 noram,
769 2007 856 2073 unde
880 2007 1064 2093 frequentia
1087 2008 1278 2075 Mercuriale

389 2106 577 2193 Imposuere
597 2110 681 2174 mihi
699 2132 882 2196 cognomen
903 2112 1082 2197 compita.“
1131 2112 1256 2195 „Novi,

390 2210 435 2275 Et
455 2213 556 2280 miror
579 2217 685 2281 morbi
705 2222 884 2302 purgatum
908 2223 941 2283 te
961 2217 1087 2282 illius.“
1135 2219 1266 2304 „Atqui

389 2314 524 2383 Emovit
543 2325 686 2385 veterem
707 2321 788 2386 mire
811 2343 934 2405 novus,
957 2327 996 2387 ut
1014 2321 1114 2405 solet,
1137 2322 1172 2386 in
1197 2344 1250 2388 cor

388 2419 533 2487 Treiecto
557 2423 669 2490 lateris
692 2424 804 2490 miseri
826 2424 985 2510 capitisve
1008 2425 1135 2509 dolore,

390 2521 438 2588 Ut
459 2525 659 2612 lethargicus
681 2528 750 2612 hie,
773 2550 876 2614 quum
897 2529 937 2594 fit
959 2529 1054 2615 pugil
1073 2536 1107 2594 et
1128 2529 1293 2595 medicum
1310 2538 1413 2616 urget.

388 2627 502 2710 „Dum
519 2631 654 2717 nequid
670 2632 779 2697 simile
790 2633 884 2715 huic,
894 2638 965 2698 esto
980 2641 1019 2697 ut
1034 2633 1150 2698 libet.“
1188 2633 1241 2716 „0
1256 2635 1351 2719 bone,
1366 2658 1407 2700 ne
1422 2643 1454 2700 te

390 2730 575 2800 Frustrere:
597 2735 723 2801 insanis
744 2742 778 2801 et
798 2742 835 2801 tu
856 2737 1017 2822 stultique
1040 2759 1140 2822 prope
1162 2759 1294 2819 111111,

390 2834 425 2900 Si
447 2838 526 2923 quid
548 2839 725 2905 Stertinius
744 2840 812 2905 veri
839 2846 969 2925 crepat,
993 2840 1080 2905 unde
1101 2861 1162 2925 ego
1183 2840 1267 2904 mira

388 2940 555 3029 Descripsi
578 2944 694 3011 docilis
718 2951 892 3031 praecepta
912 2945 1008 3027 haec,
1031 2951 1177 3030 tempore
1200 2966 1336 3030 quomo

390 3043 522 3112 Solatus
541 3047 641 3114 iussit
664 3049 847 3134 sapientem
868 3071 999 3135 pascere
1020 3049 1171 3132 barbam,

341 3182 426 3233 fallor:
449 3188 579 3237 Invidiam
604 3192 708 3252 placore
723 3195 809 3252 patae,
840 3193 910 3238 rir·'
963 3190 1067 3238 Emooit
1083 3195 1189 3238 veterem
1207 3191 1477 3250 11111111111,11111-

341 3267 889 3331 1111111111αέ11111111111111111111111111.
929 3270 980 3326 let,
1001 3270 1028 3316 in
1049 3284 1092 3318 eor
1133 3270 1249 3318 Treiecto
1276 3271 1365 3317 lateris
1394 3270 1479 3316 11111111

340 3342 400 3392 Non
415 3351 513 3395 tantum
524 3362 575 3397 non
585 3348 701 3413 placabis,
712 3365 800 3399 verum
814 3352 887 3399 etiam
906 3352 908 3378 ³
927 3348 1050 3408 capitisve
1069 3349 1158 3396 dolore.
1189 3349 1226 3396 Ut
1242 3350 1306 3396 solet
1323 3346 1411 3395 referri
1427 3361 1476 3396 non

335 3429 505 3497 *contemnere
927 3433 1007 3487 potest
1024 3427 1056 3473 ad
1073 3425 1182 3474 dolorem
1199 3426 1284 3474 lateris
1301 3434 1326 3474 et
1346 3427 1433 3489 capitis
1451 3427 1477 3474 in

374 3497 502 3555 Differuut
521 3523 603 3569 paras
624 3516 649 3557 et
664 3515 751 3572 putas,
787 3512 887 3568 Pam,
927 3506 1127 3564 cethaeorum,
1149 3520 1230 3570 neque
1250 3507 1281 3553 ad
1299 3508 1363 3554 mire
1378 3509 1477 3554 emovit.

340 3591 379 3632 est
404 3585 449 3634 tibi
471 3588 637 3650 proposuisti,
662 3589 688 3636 in
714 3590 825 3637 animum
849 3590 886 3638 in·
927 3586 1058 3647 Quomodo
1067 3586 1132 3635 enim
1144 3586 1324 3649 nrircm‚quod
1326 3585 1388 3647 fleri
1396 3586 1477 3634 solet?

340 3665 444 3727 duxisti,
461 3668 610 3716 eonstituisti
625 3671 740 3731 placare,
758 3669 785 3716 in
801 3683 830 3716 eo
847 3683 887 3727 es,
927 3666 982 3714 Alii
1005 3666 1113 3729 iungunt
1133 3668 1196 3713 111111
1217 3681 1308 3724 accus,
1325 3666 1391 3728 quod
1413 3673 1477 3714 esset

340 3749 370 3791 ut
382 3746 533 3808 propositum
551 3746 649 3796 efficere
662 3748 770 3804 ceneris,
788 3747 886 3796 efficere
926 3744 1001 3793 valde
1013 3759 1093 3793 novus
1106 3745 1288 3808 inauditusque.
1305 3745 1393 3808 Neque
1402 3744 1476 3794 Com·

340 3825 403 3873 adeo
419 3826 532 3890 incipias:
551 3833 630 3889 putes
646 3831 761 3888 placare,
777 3828 885 3876 ostendit
926 3831 1050 3873 mentatcr
1061 3827 1123 3873 mire
1133 3826 1323 3887 interpretatur:
1337 3825 1420 3887 „quod
1434 3823 1476 3882 fit,

340 3911 466 3954 cantamen
483 3906 534 3955 iam
550 3907 693 3970 aliquandiu
704 3908 885 3964 continuatum,
926 3907 1025 3968 quando
1041 3905 1144 3954 morbus
1161 3920 1212 3954 non
1228 3912 1331 3953 sanatur
1340 3911 1364 3952 et
1375 3905 1475 3963 desinit,

340 3990 369 4032 ut
384 3985 415 4033 de
432 3985 499 4035 felici
515 3994 606 4035 eventu
628 4002 679 4036 nen
695 3987 799 4036 dubites.
833 3988 885 4036 Ho-
926 3985 969 4033 sed
980 3986 1128 4034 immutatur
1136 3991 1242 4042 tantum,
1253 3984 1403 4047 morbusque
1412 3999 1476 4034 mor·

340 4064 418 4114 ratius
442 4067 492 4114 iarn
513 4073 592 4115 titum
618 4082 712 4115 annum
733 4074 885 4115 tentaverat:
927 4065 959 4112 bo
976 4065 1107 4113 succedit.“
1133 4064 1269 4113 Hcrkclius
1279 4064 1377 4126 legebat
1387 4066 1475 4112 11111111

340 4150 421 4192 totum
441 4159 536 4193 annum
556 4161 652 4207 parcre
674 4160 726 4195 non
742 4153 806 4194 recte
823 4147 885 4194 dioc·
926 4151 1033 4194 veterem
1055 4146 1136 4193 111111
1156 4158 1241 4192 nonus.
1275 4144 1340 4191 Mihi
1356 4144 1383 4190 in
1404 4157 1476 4190 men-

340 4231 415 4272 retur.
448 4225 535 4274 Verba
556 4226 714 4284 huiusmodi,
730 4226 788 4274 licet
811 4227 885 4274 insi·
905 4290 907 4295 y
926 4232 977 4271 tem
994 4231 1107 4273 venerat:
1132 4224 1234 4272 Erravit
1254 4228 1360 4270 ceter-em
1377 4225 1477 4270 martra

340 4303 525 4366 gnificationem
542 4306 628 4368 paullo
639 4307 763 4354 diversam
780 4306 885 4365 deflexa,
905 4302 907 4311 ’
927 4319 1012 4354 nocua

340 4383 491 4446 primitivam
507 4399 558 4433 non
574 4385 647 4449 plane
668 4386 802 4449 deponunt.
905 4448 907 4465 Ι
962 4384 1027 4432 Cura
1042 4385 1080 4447 fit
1094 4385 1178 4447 papii,
1204 4388 1229 4431 11
1250 4383 1373 4430 medicum
1395 4386 1475 4442 arpet.

374 4461 435 4511 Post
458 4480 551 4527 paras,
567 4479 618 4512 uno
638 4480 712 4513 versu
734 4467 894 4530 interposita„
928 4463 965 4512 Ut
989 4464 1078 4512 tibicen
1099 4463 1153 4520 ille,
1175 4460 1314 4525 phrenitide
1335 4465 1475 4522 correptus,

340 4544 452 4606 sequitur
467 4547 574 4607 parasti.
591 4545 639 4594 Vis
653 4546 680 4594 in
690 4547 794 4609 repetito
812 4547 886 4595 verbo
927 4544 985 4593 facit
1002 4544 1069 4607 apud
1085 4542 1190 4591 Lucian.
1213 4541 1293 4591 Conv.
1310 4540 1349 4588 20.

340 4622 410 4673 nulla
426 4632 469 4673 est.
503 4625 553 4675 Vel
570 4633 700 4688 propterca
725 4626 884 4688 1111111111-
907 4674 909 4701 ζ
962 4625 1047 4672 Iussit
1071 4624 1209 4685 sapientae
1235 4635 1336 4684 pascere
1365 4621 1475 4668 bartam.

339 4719 398 4753 ecre
412 4713 497 4768 putes.
907 4719 909 4723 ’
929 4705 1009 4752 Α111;
1029 4700 1374 4764 „Irrisi0Pl1ilos0phcrum.“
1392 4699 1425 4747 Et
1441 4700 1476 4746 sic
