3750 5759
372 704 416 765 46
765 695 1116 762 SATIRARUM

419 878 527 958 Quum
551 897 604 938 me
628 874 830 956 hortaretur,
855 895 967 958 parce,
992 872 1181 958 frugaliter,
1205 879 1304 960 atque

419 981 570 1045 Viverem
594 976 644 1042 uti
667 981 841 1041 contentus
865 997 922 1059 ee,
948 976 1034 1061 quod
1058 979 1104 1040 mi
1127 976 1199 1063 ipse
1221 981 1388 1063 parasset:

420 1083 560 1167 „Nonne
582 1081 695 1163 vides,
720 1080 800 1145 Albi
823 1085 861 1145 ut
884 1079 971 1145 male
993 1079 1085 1146 vivat
1106 1080 1220 1147 filius?
1242 1085 1345 1167 utque

421 1188 541 1252 Barrus
565 1186 683 1271 inops?
717 1206 877 1270 magnum
902 1184 1153 1269 documentum,
1189 1206 1231 1251 ne
1252 1184 1397 1271 patriam
1419 1203 1486 1248 rem

410 1377 485 1435 Quod
500 1377 536 1422 mi
559 1376 757 1437 {preparasset
790 1371 875 1421 Etiam
899 1373 921 1421 si
962 1375 994 1421 ad
1010 1375 1123 1436 inopium
1135 1376 1302 1434 redactus,ut
1312 1375 1416 1424 Barrus.
1427 1371 1506 1422 Plau.
1544 1375 1553 1396 ⁶

276 1498 279 1503 .
373 1469 460 1504 omnes
475 1454 533 1503 libri
551 1452 628 1503 MSS.
643 1452 761 1500 haberent
781 1466 921 1514 parassem,
962 1453 1028 1501 Rud.
1046 1454 1068 1502 Ι.
1086 1468 1124 1502 rv.
1144 1456 1165 1503 l.
1186 1455 1257 1512 Quia
1273 1455 1337 1503 mibi
1353 1454 1444 1502 melius
1459 1457 1506 1510 est,

373 1543 455 1582 tamen
473 1533 571 1582 Horatii
583 1537 702 1595 parasset
713 1531 853 1578 arbitrarer.
870 1528 922 1579 Vel
961 1532 1023 1592 quid
1039 1534 1120 1594 erupis
1136 1533 1165 1581 in
1181 1548 1234 1582 rem
1250 1539 1301 1591 eat,
1317 1548 1395 1596 qaum
1411 1547 1508 1594 corpore

373 1629 409 1662 vs.
429 1614 482 1661 111.
507 1628 539 1660 ue
553 1612 668 1673 putrium
684 1626 736 1658 rem
746 1611 851 1671 perdere
864 1611 922 1671 quis
962 1611 1040 1657 vitum
1057 1610 1205 1660 recludam?
1238 1613 1284 1659 Itu
1305 1612 1372 1660 mule
1386 1613 1456 1669 vice,
1471 1617 1506 1659 at-

372 1693 448 1753 veb't,
464 1692 511 1740 hoc
527 1691 621 1739 suadet.
644 1690 718 1739 Adde
736 1688 810 1738 Satir.
827 1688 863 1736 11.
881 1701 920 1736 111.
960 1693 1065 1752 quattu
1082 1692 1144 1739 inibi
1164 1693 1260 1740 multae
1280 1693 1309 1740 in
1328 1697 1430 1754 pectore
1451 1697 1506 1739 aaut

375 1772 430 1824 178.
466 1773 506 1818 Tu
536 1785 596 1820 cave
624 1785 655 1818 ne
683 1770 797 1826 rutnans,
823 1773 865 1825 ta,
890 1784 921 1815 ne
961 1784 1036 1818 carue
1051 1772 1215 1821 exanimatos.
1237 1772 1323 1835 Atque
1341 1784 1370 1819 ea
1386 1769 1506 1835 significa-

372 1853 456 1899 muiue
464 1851 554 1913 sacius
570 1850 599 1898 id
634 1848 708 1906 Quod
723 1849 790 1895 sotis
806 1861 859 1895 ease
869 1862 917 1909 pu·
960 1847 995 1896 tio
1019 1847 1080 1897 benc
1105 1849 1164 1897 huic
1188 1849 1242 1899 loco
1266 1849 1389 1899 convenit.
1423 1846 1506 1909 Adde,

372 1933 411 1977 tat
422 1934 506 1990 pater.
540 1926 607 1977 Hinc
627 1932 652 1974 et
673 1924 719 1973 illa
735 1939 775 1974 res
800 1925 871 1972 avita
896 1930 921 1972 et
960 1927 1027 1987 quod
1052 1927 1127 1976 multi
1152 1943 1179 1977 re
1199 1931 1304 1991 perdita
1324 1942 1375 1978 uon
1392 1935 1429 1978 tot
1444 1930 1505 1979 curis

369 2014 495 2070 paterna,
516 2023 570 2056 reru
598 2006 684 2068 patris
705 2003 836 2060 oblimare,
862 2003 919 2052 alia.
961 2008 1142 2068 exanimantur,
1160 2016 1188 2058 ut
1203 2008 1382 2068 malecicurt,
1399 2008 1505 2059 intelices

371 2088 448 2137 Pater
472 2087 572 2137 Horatii
589 2085 629 2133 hic
651 2087 681 2134 de
698 2084 789 2133 futuris
806 2085 851 2132 lilii
868 2084 918 2147 opi·
960 2085 1016 2133 sint.
1039 2086 1133 2145 Fuere,
1150 2087 1194 2152 qui
1210 2087 1371 2151 sapientiores
1389 2087 1459 2146 facti,
1473 2088 1505 2136 vi-

371 2167 429 2227 bus,
455 2183 516 2232 quas
541 2165 588 2214 sibi
612 2172 675 2213 esset
698 2171 842 2228 paraturus,
868 2179 918 2213 uon
960 2170 1011 2212 tam
1029 2166 1201 2227 emendarent,
1224 2167 1268 2231 qui
1290 2181 1391 2215 scurrae
1408 2167 1504 2226 fierent,

329 2230 336 2238 ’
370 2248 474 2311 cogitat,
499 2260 544 2294 uec
564 2251 656 2308 petest,
673 2244 716 2292 sed
732 2258 789 2292 eum
806 2244 919 2292 hortatur
959 2244 1100 2308 philosophi
1117 2246 1187 2303 adeo,
1203 2253 1231 2294 ut
1247 2246 1424 2310 Damasippus.
1452 2247 1505 2305 Hic,

370 2336 399 2375 ut
415 2341 448 2375 ue
463 2325 615 2389 prodigeret,
633 2325 727 2388 qnasei
744 2323 918 2372 essetrelictu-
959 2324 1027 2371 omni
1047 2339 1074 2372 rc
1098 2325 1190 2384 fracta,
1206 2339 1263 2374 cum
1279 2341 1306 2375 se
1325 2327 1505 2376 indumenim·

371 2422 421 2455 rus.
454 2405 538 2454 Plaut.
560 2403 638 2451 Mera.
661 2403 682 2451 Ι,
702 2418 719 2452 1.
737 2404 777 2451 56.
803 2418 833 2452 ea
854 2417 919 2464 quoe
958 2403 1057 2452 mittere
1085 2404 1174 2463 vellet,
1200 2406 1368 2455 admonitione
1396 2405 1506 2456 Stertinii

370 2489 443 2549 ipsus
459 2486 555 2545 optima
592 2483 683 2530 Omnes
701 2484 796 2531 iabores
812 2483 917 2530 iacente·
959 2481 1060 2532 barbam
1077 2498 1177 2547 pascere
1194 2485 1287 2548 coepit,
1304 2491 1329 2533 et
1345 2485 1435 2534 deinde
1451 2488 1506 2535 bene

370 2570 410 2613 set
422 2563 564 2626 perferetis,
585 2563 687 2609 Aruerat
704 2562 730 2609 ci
746 2561 918 2626 diffunditari
958 2565 1032 2611 tacit.
1049 2564 1131 2614 Filius
1148 2572 1231 2613 autem
1249 2564 1311 2615 Albi
1328 2565 1505 2623 calamitatem,

370 2659 401 2692 ac
414 2642 501 2690 deteri.
529 2640 656 2689 Lucianus
666 2640 775 2688 Toxaris
796 2641 833 2688 13.
850 2638 917 2689 ὑπο·
958 2633 1004 2691 sua
1028 2644 1074 2692 sibi
1091 2645 1165 2709 culpa
1181 2650 1345 2704 contractam,
1361 2646 1447 2695 minus
1466 2659 1503 2694 sa·

370 2720 566 2786 μιμνὴσκωνάεὶ
584 2724 635 2769 τῶν
648 2719 796 2783 προγόνων,
811 2719 854 2770 καὶ
872 2729 916 2784 pv·
958 2722 1054 2784 pienter
1075 2723 1175 2773 ferebat.
1214 2725 1277 2773 Erat
1301 2723 1398 2775 infelix.
1432 2725 1504 2774 Bent-

369 2801 474 2849 λάττειν
492 2797 693 2863 παραγγέλλων,
716 2799 733 2845 d
759 2798 823 2862 μετὰ
850 2798 916 2845 πολ·
958 2799 1022 2849 leius
1044 2803 1078 2850 ita
1099 2804 1192 2867 pergit:
1219 2804 1339 2853 Horatius
1362 2805 1387 2852 in
1405 2819 1504 2869 sequen·

368 2882 423 2929 λῶν
439 2877 560 2944 καμάτων
577 2877 590 2926 ὁ
608 2878 693 2941 πατὴρ
711 2877 782 2940 αὐτῷ
792 2876 916 2941 ατησάμε-
958 2880 1024 2930 tibus
1041 2884 1143 2932 unicum
1160 2881 1279 2946 cuiusque
1296 2885 1351 2932 vitii
1363 2885 1504 2949 exemplum

369 2977 415 3017 νος
433 2958 578 3008 κατέλιπεν.
612 2959 668 3007 Hoc
689 2972 720 3005 ne
742 2957 862 3005 Horatius
882 2956 917 3004 fa·
958 2961 1504 3025 ponit,amorumeretrieiisectaremini-

369 3045 446 3096 oeret,
463 3046 533 3100 pater
548 3036 656 3100 optabat.
958 3041 1013 3088 terii
1041 3043 1202 3100 Trebonium,
1229 3049 1257 3090 ut
1284 3043 1450 3107 incongruum
1473 3045 1504 3095 sit

403 3119 493 3164 Nonne
509 3117 588 3173 tides,
605 3116 666 3163 Albi
682 3114 785 3163 utnrale
803 3114 917 3177 malfi-
958 3121 1128 3184 prodigentiae
1144 3122 1202 3171 bina
1218 3123 1334 3186 exempla
1355 3125 1426 3184 dari,
1443 3125 1504 3175 Albi

369 3198 518 3258 licantque
549 3196 654 3243 Barrus
669 3193 762 3255 inops?
789 3193 916 3242 Bentleius
958 3198 1040 3248 filium
1056 3208 1081 3248 et
1097 3202 1215 3252 Burrum.
1240 3203 1503 3262 Horatius,uifallor,

367 3276 482 3325 coniicit:
499 3277 584 3324 Panis
600 3277 681 3337 inope.
698 3271 766 3322 Cur?
782 3274 841 3337 quia
852 3276 918 3322 reale
958 3278 1008 3326 duo
1026 3279 1085 3327 vitia
1101 3282 1183 3343 pouit,
1200 3284 1385 3345 prodiqmtiam
1406 3290 1431 3332 et
1448 3285 1502 3334 ttri-

367 3358 449 3405 civere
464 3362 488 3403 et
505 3357 603 3418 inopem
627 3368 680 3403 esse
702 3368 780 3402 unum
802 3354 917 3415 idemque
958 3357 1054 3420 dinem,
1066 3360 1177 3410 diversos
1188 3361 1289 3412 effectus
1305 3365 1435 3429 utriusque
1452 3365 1504 3413 vitii

367 3436 515 3498 significant.
554 3433 603 3484 Sed
626 3436 691 3483 mule
713 3433 795 3483 virere
818 3448 917 3497 quoque
957 3443 1041 3495 notat,
1065 3440 1235 3503 prodigentiae
1263 3443 1289 3489 iu
1314 3443 1377 3493 Albi
1402 3444 1457 3493 filio
1480 3448 1504 3493 et

368 3603 507 3657 tunt,prae
519 3594 610 3642 misera
627 3592 682 3641 tabe
694 3594 739 3640 vir
749 3593 838 3648 meere,
849 3593 915 3654 quod
956 3593 1006 3642 nio.
1038 3595 1120 3646 Filius
1137 3598 1200 3647 Albi
1220 3600 1287 3649 male
1309 3602 1424 3661 vivebat,
1444 3605 1503 3654 Ber*

367 3675 429 3723 bene
446 3675 476 3722 de
493 3687 522 3721 eo
539 3673 670 3728 diceretur,
688 3670 731 3733 qui
745 3670 813 3718 omni
825 3683 916 3731 genere
956 3687 998 3722 rus
1024 3675 1125 3725 vivebat
1149 3678 1232 3743 inops,
1260 3681 1379 3731 Soetanus
1402 3685 1504 3748 turpiter

367 3751 570 3816 intemperantiae
586 3750 754 3799 valetudinem
765 3751 915 3812 perdidit,et
957 3753 1063 3812 amabat,
1080 3757 1218 3808 Trebonius
1234 3761 1379 3823 periculose.
1404 3762 1443 3812 At
1454 3779 1503 3813 nra·

367 3835 413 3882 rix
432 3832 527 3881 ossibus
541 3831 634 3878 haeret.
658 3830 759 3878 Lucret.
775 3828 823 3877 IV.
844 3830 915 3879 1160.
956 3838 1227 3899 anurndacumentum,
1240 3841 1275 3889 ait
1287 3842 1429 3902 Bentleius,
1440 3858 1503 3893 com·

367 3912 470 3976 Ἰσχνὸν
483 3909 618 3976 ἐρωμένων
636 3916 690 3958 tam
696 3909 747 3971 fit,
764 3924 821 3956 cum
834 3912 916 3960 vicem
956 3914 1028 3962 mode
1046 3916 1077 3964 de
1094 3932 1144 3966 uno
1161 3920 1276 3983 exemplo
1287 3922 1390 3970 dicitnr:
1408 3924 1440 3972 de
1450 3924 1502 3987 plu·

366 3994 481 4054 nunquit
497 3993 570 4039 Prae
578 3991 663 4039 nauale.
673 3988 749 4038 Tales
757 3989 916 4052 appellantur
956 3992 1024 4042 ribus
1045 3998 1193 4047 decurrente
1214 4001 1296 4062 potius
1318 4001 1430 4051 dixisset.
1453 4006 1503 4052 Do·

366 4073 411 4120 sia·
426 4073 485 4119 viai.
505 4068 633 4119 Lucilius:
651 4070 695 4116 aia
711 4071 767 4117 civo
784 4070 916 4118 Ιιαααπὶαα
955 4081 1110 4136 eumeniam,
1136 4079 1221 4136 credo,
1245 4092 1296 4128 non
1318 4081 1350 4128 ad
1380 4082 1502 4140 homiues,

366 4163 554 4212 morrogramme.
577 4146 650 4197 Ovid.
667 4149 725 4198 Art.
742 4149 778 4197 ΙΙ.
796 4148 853 4197 660.
871 4151 915 4198 Sit
956 4155 999 4202 sed
1017 4155 1048 4202 ad
1065 4154 1140 4213 illud,
1157 4159 1223 4220 quod
1243 4158 1384 4209 hominibus
1407 4162 1502 4219 accidit,

365 4229 572 4290 pruritumruct'e
585 4244 650 4292 quae
664 4230 730 4278 ruale
743 4231 913 4280 vivuauuest.
955 4233 1069 4284 refertur.
1107 4236 1147 4284 Ita
1172 4239 1359 4298 documentum,
1381 4243 1503 4292 indiciam

366 4311 413 4360 His
435 4307 555 4371 exemplis
572 4308 651 4356 utitur
669 4307 774 4358 Salmas.
796 4309 828 4356 ad
853 4309 914 4358 Ter·
952 4314 1097 4376 saepissima
1117 4317 1271 4365 antecedenti
1288 4318 1382 4381 plurali
1399 4321 1501 4370 subiun-

366 4389 420 4436 tuil.
437 4390 467 4438 dc
483 4387 567 4436 Pallio
582 4403 606 4450 p.
620 4387 675 4447 196,
692 4388 736 4450 qui
750 4388 782 4436 de
792 4387 913 4438 Chamae-
954 4391 1029 4453 gitur.
1048 4393 1157 4444 Sueten..
1175 4395 1283 4459 Vespas.
1297 4399 1318 4447 1.
1337 4400 1420 4449 Meas
1427 4402 1502 4450 αίίααι

366 4468 446 4517 leonte
463 4469 573 4516 dixerat:
590 4469 614 4516 at'
627 4469 750 4531 pellicula
766 4470 837 4518 vicit.
863 4468 913 4519 Sed
952 4471 980 4518 ia
1001 4486 1097 4523 summe
1122 4481 1204 4524 moute
1225 4478 1373 4539 appellatur
1410 4481 1501 4542 Vespa·

366 4549 431 4596 male
447 4549 529 4596 viem
544 4547 668 4610 siguificat
680 4561 778 4612 quoque
787 4547 912 4612 infelicem
952 4550 1016 4610 sice,
1043 4555 1086 4601 ubi
1107 4555 1286 4615 Vespasiorum
1306 4558 1438 4620 complura
1455 4572 1502 4608 mo·

365 4629 459 4685 cicere,
480 4633 509 4674 ut
528 4625 596 4675 filius
620 4627 683 4677 Albi
704 4629 789 4677 vivere
804 4635 912 4692 poterat,
951 4637 1073 4680 armenta
1095 4638 1213 4690 exstant,
1240 4649 1358 4697 mapsam
1380 4637 1502 4686 Maiam

365 4708 460 4770 perdita
482 4706 581 4768 quidem
598 4721 625 4754 re
641 4707 734 4769 patria,
751 4709 794 4756 sed
811 4721 861 4756 non
877 4709 912 4757 ita
951 4711 1091 4771 splendoris
1100 4711 1222 4775 familiae
1233 4718 1258 4761 et
1269 4715 1410 4765 emutatis.
1428 4715 1501 4764 Bent-
