3750 5759
409 683 471 743 lili
802 679 1154 745 SATIRARUM

454 866 597 931 Graecus
622 866 830 951 Aristippus,
856 867 912 953 qui
937 888 1046 932 servos
1069 866 1226 952 proiicere
1249 886 1365 930 aurum

453 969 492 1033 In
516 970 624 1034 media
647 969 746 1035 iussit
769 969 890 1054 Libya,
915 970 993 1055 quia
1017 971 1142 1035 tardius
1166 971 1252 1035 irent

454 1075 591 1158 Propter
613 1095 695 1139 onus
718 1076 855 1159 segnes?
900 1073 983 1140 Uter
1006 1080 1057 1139 est
1082 1074 1228 1139 insanior
1250 1073 1390 1138 horum?

452 1177 510 1240 Nil
533 1177 603 1263 agit
626 1178 832 1263 exemplum,
857 1178 952 1242 litem
975 1179 1062 1264 quod
1084 1179 1144 1244 lite
1167 1177 1309 1244 resolvit.

456 1281 490 1346 Si
514 1280 587 1366 quis
611 1287 699 1346 emat
722 1282 881 1365 citharas,
907 1287 1011 1347 emtas
1035 1288 1217 1368 comportet
1238 1282 1275 1346 in
1298 1302 1424 1362 unum,

455 1386 522 1449 Nec
546 1384 656 1449 studio
679 1385 822 1450 citharae
845 1407 904 1450 nec
928 1407 1041 1450 musae
1064 1386 1195 1451 deditus
1218 1385 1295 1468 ulli,

454 1486 489 1552 si
513 1486 640 1572 scalpra
662 1493 696 1552 et
718 1487 839 1552 formas
863 1509 930 1552 non
954 1493 1060 1571 sutor,
1085 1489 1218 1554 nautica
1240 1488 1313 1554 vela

451 1590 595 1656 Aversus
619 1591 830 1675 mercaturis,
856 1591 977 1657 delirus
1002 1597 1035 1657 et
1053 1615 1165 1658 amens

452 1695 606 1781 Undique
629 1696 756 1762 dicatur
779 1697 904 1762 merito.
955 1698 1019 1778 Qui
1042 1697 1206 1783 discrepat
1229 1697 1322 1780 istis,

452 1799 516 1880 Qui
538 1823 691 1866 nummos
715 1824 895 1887 aurumque
917 1802 1080 1885 recondit,
1105 1802 1233 1869 nescius
1257 1802 1309 1867 uti

450 1904 649 1990 Compositis
673 1911 887 1992 metuensque
910 1907 1002 1972 velut
1025 1907 1214 1992 contingere
1237 1908 1390 1971 sacrum?

452 2008 487 2074 Si
511 2009 583 2093 quis
607 2008 649 2073 ad
673 2008 842 2094 ingentem
865 2009 1023 2075 frumenti
1047 2032 1174 2096 semper
1197 2030 1348 2075 acervum

450 2112 622 2177 Porrectus
646 2111 763 2197 vigilet
786 2135 861 2178 cum
886 2114 985 2198 longo
1009 2114 1112 2197 fuste,
1137 2135 1242 2199 neque
1265 2111 1358 2176 illinc

449 2214 580 2279 Audeat
603 2214 747 2280 esuriens
772 2216 924 2282 dominus
949 2216 1137 2302 contingere
1160 2236 1316 2301 granum,

404 2387 445 2433 illi
472 2388 543 2447 apud
570 2389 698 2437 Lacaenas
729 2391 859 2453 oirqines?
903 2391 954 2439 Pro
997 2387 1024 2438 ἐν
1042 2386 1171 2453 προβολῇ,
1194 2384 1296 2440 milites,
1319 2381 1482 2445 gladisswrffls
1505 2393 1554 2442 ΡΠ·

405 2465 509 2514 Plancio
534 2467 573 2514 25.
608 2469 716 2531 Presere
745 2472 887 2532 triumphos
914 2473 953 2519 Ti.
997 2468 1070 2532 giles,
1092 2474 1121 2515 ut
1137 2466 1233 2514 hostem
1250 2462 1385 2511 defendant
1401 2459 1442 2508 vel
1459 2473 1554 2522 aggre-

408 2546 531 2602 Grecrhr',
548 2551 573 2594 et
592 2546 621 2594 C.
634 2548 956 2613 Marii,etqauerisque'd
996 2549 1102 2596 diantur.
1137 2546 1208 2607 Quae
1235 2543 1388 2607 proficiendi
1414 2539 1551 2588 inveniun-

403 2626 486 2673 sinu'te
502 2625 529 2673 in
553 2627 678 2675 Plancio?
697 2643 734 2691 sq.
769 2627 882 2678 Coniicio
902 2630 954 2678 Da·
997 2634 1038 2674 tur
1055 2624 1182 2689 exempla,
1205 2638 1234 2672 ea
1255 2623 1305 2671 fere
1327 2627 1416 2669 cuncta
1432 2620 1554 2681 coligeret

404 2707 545 2769 masippum
561 2707 665 2756 dixisse:
686 2712 860 2759 Disedmilisne
874 2713 952 2759 Grae·
996 2707 1083 2754 Heins.
1102 2707 1133 2754 ad
1149 2704 1242 2767 virgil.
1264 2702 1298 2750 X.
1324 2702 1390 2750 Aen·
1416 2698 1480 2755 587,
1505 2713 1552 2761 pss·

404 2800 449 2833 cus
462 2788 629 2848 Aristippus?
662 2789 741 2836 Estne
753 2789 897 2853 Aristippus
906 2790 954 2839 dis-
996 2800 1101 2850 rumque
1118 2785 1177 2833 novi
1193 2783 1270 2832 estin
1288 2781 1447 2830 annotatione
1457 2779 1552 2828 Burm.

404 2864 492 2914 similis
519 2866 643 2926 Staberio,
671 2875 739 2916 estne
764 2882 793 2916 eo
817 2868 904 2917 melior
929 2875 954 2917 et
996 2866 1028 2913 ed
1050 2865 1136 2915 Valer.
1153 2865 1270 2914 Flaccum
1287 2862 1337 2912 IV.
1355 2858 1412 2910 268.
1428 2867 1453 2908 et
1471 2859 1552 2908 Clau-

405 2945 554 3006 sapientior?
593 2946 649 2995 Imo
674 2946 770 2995 similis.
808 2949 903 2996 Neuter
928 2951 953 2996 in
997 2946 1062 2994 dian.
1080 2946 1101 2995 Ι.
1119 2945 1204 2996 Rufin.
1220 2945 1277 2993 265.
1311 2942 1386 2991 Adde
1401 2941 1503 2989 Ernest.
1522 2940 1552 2988 in

405 3038 467 3072 auro
483 3026 637 3075 aestimando
652 3028 753 3074 modum
765 3028 851 3075 tenuit.
885 3029 955 3091 Ergo
998 3023 1076 3074 Clare
1094 3025 1206 3074 Ciceron.
1224 3025 1250 3072 in
1267 3036 1328 3070 voce
1345 3017 1474 3085 προβολή.

405 3110 508 3167 uterque
530 3105 576 3153 fuit
589 3106 704 3171 insanus.
745 3107 809 3156 Uter
829 3108 955 3157 insanior?
1030 3105 1148 3154 Valerius
1172 3103 1276 3154 Flaccus
1300 3100 1347 3148 11.
1370 3100 1501 3160 proiectus
1516 3100 1552 3146 de

406 3183 447 3233 Sic
464 3183 561 3234 Stoicus
582 3184 673 3248 ubique
694 3195 893 3250 argumentatur,
920 3196 955 3237 at·
997 3186 1050 3248 ipso
1066 3186 1167 3234 homine
1183 3185 1274 3241 utitur,
1296 3180 1339 3244 qui
1360 3178 1431 3242 pugil
1447 3193 1552 3241 senaper

406 3278 454 3327 que
472 3272 500 3313 ut
516 3280 583 3314 nunc
599 3275 670 3329 rogat
686 3269 859 3326 casimirum,
871 3268 906 3316 ita
916 3284 954 3318 vs.
997 3269 1090 3315 ceruam
1100 3269 1206 3314 reducto
1224 3265 1326 3322 Semper
1341 3265 1366 3308 et
1382 3261 1411 3307 in.
1422 3259 1511 3320 clip-itis
1522 3267 1551 3308 et

409 3345 463 3394 108.
489 3353 574 3409 rogat,
598 3347 642 3410 qui
669 3350 813 3409 descrepat?
838 3363 874 3397 vs.
899 3350 953 3398 166.
995 3348 1086 3395 srrnrmi
1101 3342 1297 3407 pulverecampt
1315 3340 1549 3399 Proiesstmtlwe·

407 3425 470 3486 qaid
485 3425 589 3488 effert?
607 3442 642 3476 vs.
660 3428 716 3475 260.
733 3427 777 3490 qut
796 3429 893 3476 distet?
995 3429 1041 3475 dit.
1075 3427 1107 3474 In
1127 3424 1232 3474 Horatio
1252 3430 1336 3471 tamen
1355 3417 1446 3466 melius
1460 3417 1551 3479 fastis

441 3507 581 3556 Porrectus
602 3509 687 3570 stellet
708 3524 764 3556 caue
786 3510 856 3572 lonso
870 3508 953 3569 fuste.
994 3507 1085 3555 dicitur
1097 3509 1233 3568 proiectus.

407 3583 534 3632 Bentleius
551 3585 652 3648 corrigit
666 3588 803 3648 proiectus,
820 3586 867 3633 hoe
879 3592 916 3633 est
927 3585 953 3633 in
1029 3586 1129 3635 Audeat
1145 3587 1257 3634 esuriens
1273 3583 1388 3631 minicae
1402 3579 1549 3640 contingere

408 3663 475 3710 nudo
491 3664 544 3712 solo
560 3664 601 3712 vel
616 3665 748 3723 stramine,
764 3679 821 3711 eum
837 3678 887 3711 non
903 3679 953 3712 cre·
994 3683 1109 3728 proauus.
1142 3663 1281 3715 Annotatio
1291 3657 1463 3710 Meiuekiihic
1473 3660 1547 3707 reddi

407 3742 480 3790 dibile
497 3744 528 3791 sit
545 3743 669 3793 hominem
685 3745 712 3791 in
728 3744 796 3792 molli
812 3743 903 3792 lectulo
920 3745 953 3792 ia·
994 3753 1114 3795 meretur:
1137 3747 1186 3806 „In
1208 3743 1304 3794 Satirae
1320 3755 1357 3788 vs.
1377 3739 1432 3787 113.
1448 3736 1547 3800 legitur

406 3828 501 3869 centem
518 3824 630 3872 membra
648 3824 696 3871 sibi
715 3825 865 3884 porrexisse.
898 3825 954 3887 Ego
994 3817 1546 3888 conttrzqaeyranam,inquoverbumcon-

405 3899 476 3947 illum
488 3916 519 3950 ne
529 3904 555 3951 in
566 3905 633 3951 nudo
644 3903 741 3964 quidem
753 3901 805 3948 solo
815 3903 954 3962 proiectum
996 3908 1101 3966 teneare,
1123 3906 1189 3969 quod
1204 3903 1288 3966 paucis
1305 3907 1362 3949 ante
1379 3899 1492 3948 versibus
1507 3898 1545 3946 le·

406 3981 509 4029 iacuisse
525 3989 597 4045 puto,
614 3983 657 4030 sed
674 3980 788 4043 vigilasse
804 3995 861 4029 cum
877 3980 953 4046 longo
994 3986 1062 4046 gitur
1068 3987 1290 4046 selaticontiaqere
1297 3997 1405 4036 enarrem,
1414 3986 1465 4027 tam
1472 3979 1544 4027 brevi

406 4060 471 4109 fuste
495 4070 581 4111 contra
605 4061 764 4110 formidatum
781 4061 843 4108 suris
860 4063 951 4112 adven-
993 4065 1123 4113 intervallo
1138 4064 1221 4112 iterari
1232 4076 1282 4110 non
1293 4067 1330 4110 est
1340 4057 1477 4121 elegantiae
1487 4058 1543 4107 Ho-

404 4149 472 4192 turn,
489 4142 515 4189 in
536 4158 565 4191 eo
587 4142 637 4190 fere
658 4148 736 4198 statu,
758 4155 807 4203 quo
829 4139 950 4190 Chabrias
993 4144 1115 4203 ratianae3
1144 4144 1243 4191 videtur
1270 4155 1301 4189 ex
1328 4139 1409 4201 priore
1433 4136 1488 4184 loco
1513 4137 1542 4186 in

404 4224 470 4285 apud
486 4224 608 4286 Nepotem
631 4236 652 4268 c.
661 4236 678 4269 1.
687 4235 744 4268 suos
768 4220 858 4269 milites
875 4224 950 4271 bustu
991 4224 1058 4272 hunc
1074 4223 1179 4272 alterum
1196 4236 1240 4284 per
1256 4218 1415 4269 describentis
1428 4231 1539 4266 errorem

401 4304 516 4362 proiectu
532 4303 651 4364 impetum
663 4300 776 4363 excipere
787 4301 894 4348 hostium
907 4303 949 4350 do·
991 4302 1139 4352 translatum
1156 4316 1221 4356 esse,
1238 4301 1279 4348 cui
1295 4298 1403 4361 opinioni
1420 4297 1468 4344 boc
1479 4311 1539 4360 quo-

401 4381 459 4428 cuit.
476 4381 609 4430 Horatium
620 4380 745 4443 scripsisse
753 4380 869 4429 arbitrore
885 4384 949 4431 Pro·
990 4398 1037 4446 que
1063 4383 1141 4440 lavet,
1170 4383 1236 4445 quod
1261 4379 1339 4430 Codd.
1363 4377 1481 4425 nonnulli
1505 4391 1538 4424 ex

399 4460 463 4508 iectu
473 4461 558 4521 stellet
569 4477 625 4509 curn
637 4461 794 4524 louyosaete.
811 4461 847 4510 Ut
858 4461 948 4510 Graeci
989 4464 1074 4511 eodem
1092 4476 1165 4510 versu
1181 4462 1255 4509 etiam
1271 4474 1372 4507 serrum
1389 4455 1482 4504 habent
1492 4469 1539 4519 pro

400 4537 595 4601 προβάλλεσθαι
614 4541 650 4589 ita
670 4541 754 4592 Latini
770 4541 853 4588 dicunt
869 4544 947 4602 proii-
988 4557 1103 4602 marram.
1141 4542 1257 4589 Fortasse
1281 4539 1357 4600 igitur
1380 4535 1539 4598 consrinyere

398 4631 452 4665 cere
469 4619 568 4668 bartam
574 4657 580 4679 ‚
598 4623 711 4682 clypeam
717 4658 724 4680 ‚
740 4622 840 4683 pedem,
852 4620 899 4667 hoc
909 4627 946 4669 est
987 4637 1094 4683 prauum
1106 4621 1146 4669 vel
1157 4621 1224 4669 aliud
1235 4621 1293 4669 huic
1303 4616 1383 4667 simile
1394 4616 1467 4679 poeta
1477 4614 1536 4662 scri·

393 4699 555 4760 protendere,
585 4714 640 4748 cum
664 4701 689 4748 in
715 4699 841 4762 procinctu
865 4706 946 4759 stant,
988 4709 1076 4763 pserat.
1112 4703 1234 4752 Fructum
1251 4701 1367 4748 triticum
1383 4696 1457 4744 habes
1468 4695 1535 4758 apud
