3750 5759
795 717 977 783 LIBER
1024 717 1067 782 H.

1434 713 1494 778 151

415 910 595 975 Herculel“
617 910 645 974 si
663 909 749 995 quod
771 909 879 991 adest,
895 913 1028 993 gratum
1045 908 1152 972 iuvat:
1173 906 1233 970 hae
1247 926 1341 990 prece
1357 909 1389 970 te
1409 925 1480 969 oro:

415 1014 542 1099 Pingue
565 1035 662 1100 pecus
686 1011 819 1077 domino
841 1012 942 1078 facias
967 1018 998 1077 et
1022 1016 1127 1077 cetera
1153 1015 1279 1095 praeter

415 1118 605 1205 ingenium3
624 1122 725 1203 utque
749 1116 849 1199 soles,
874 1130 985 1180 custos
1009 1114 1092 1179 mibi
1114 1113 1278 1179 maximus
1302 1112 1406 1178 adsisl

414 1222 501 1307 Ergo
524 1222 582 1286 ubi
604 1244 657 1287 me
680 1221 715 1285 in
738 1230 867 1286 montes
894 1226 927 1285 et
955 1220 990 1284 iu
1014 1241 1118 1284 arcem
1142 1241 1182 1284 ex
1205 1217 1282 1282 urbe
1303 1215 1445 1298 removi,

415 1326 502 1406 Quid
522 1326 612 1411 prius
638 1325 803 1390 illustrem
827 1324 936 1390 satiris
961 1326 1121 1410 Musaque
1140 1321 1303 1408 pedestri?

414 1431 482 1497 Nec
501 1430 590 1495 mala
611 1452 665 1494 me
688 1429 825 1495 ambitio
848 1429 957 1515 perdit
978 1428 1044 1494 neo'
1059 1428 1232 1514 plumbeus
1256 1430 1365 1491 auster

415 1535 669 1619 Autumnusque
689 1534 817 1620 gravis,
844 1532 1009 1598 Libitinae
1031 1538 1185 1617 quaestus
1209 1530 1349 1596 acerbae.

414 1639 577 1704 Matutine
599 1644 706 1725 pater,
732 1661 789 1704 seu
813 1639 892 1703 lane
912 1638 1069 1703 libentius
1093 1637 1204 1720 audis,

414 1742 510 1808 Unde
532 1741 682 1807 homines
707 1763 840 1827 operum
864 1740 987 1827 primos
1010 1741 1162 1826 vitaeque
1185 1740 1311 1805 labores
1378 1726 1380 1731 ’

415 1845 615 1929 instituunt,
641 1846 686 1911 sic
710 1846 760 1911 dis
783 1845 960 1930 placitum,
985 1851 1023 1910 tu
1046 1844 1199 1911 carminis
1223 1849 1293 1910 esto

366 2038 443 2086 quem
455 2029 576 2081 araverat,
586 2023 643 2071 dein
652 2022 723 2070 illum
734 2024 815 2085 ipsum
825 2034 914 2082 agrurn

366 2102 484 2151 thesauro
499 2104 600 2151 invento
616 2110 738 2150 mercatus
755 2100 860 2148 aravit.“

402 2184 464 2230 Hac
482 2198 556 2245 prece
577 2189 601 2230 le
622 2197 671 2231 cra.
706 2181 787 2244 Supra
804 2179 914 2227 dixerat:

367 2261 434 2310 nihil
444 2277 562 2319 veneror,
578 2276 622 2310 oro
639 2263 740 2320 beraut,
756 2259 876 2322 angulum
885 2257 916 2306 is·

367 2349 424 2391 tum
440 2344 508 2404 agri,
532 2357 621 2390 urnam
638 2341 745 2404 argenti:
768 2353 835 2386 nuno
856 2338 914 2385 dicit

368 2425 431 2486 quid
451 2430 598 2480 veneretur,
623 2424 686 2484 quid
701 2427 761 2468 oret.
795 2418 847 2468 Cur
869 2419 916 2467 bac

365 2517 455 2563 prece,
480 2516 525 2550 neo
548 2501 629 2565 potius
655 2502 699 2549 bac
719 2513 793 2562 prece
814 2503 839 2545 te
858 2498 916 2545 cra?

369 2580 489 2629 Latinum
505 2587 554 2628 est:
572 2594 615 2628 oro
624 2586 649 2628 te
659 2592 739 2640 prece,
755 2591 801 2639 per
811 2588 916 2636 precem.

404 2661 442 2708 Et
459 2666 559 2710 caetera
574 2665 677 2721 praeter
709 2657 851 2718 Imperium.
877 2654 917 2703 Io·

369 2753 415 2786 cus
432 2747 456 2788 et
471 2739 540 2788 lusus
557 2738 697 2787 simillimus
720 2736 745 2783 in
762 2734 843 2782 verbis
860 2733 917 2781 Tri·

370 2819 517 2868 malchionis
543 2819 608 2881 apud
635 2817 782 2866 Petronium
797 2814 838 2865 70.
870 2814 918 2861 lta

370 2914 482 2949 crescam
496 2898 734 2961 patrimonium
754 2908 870 2955 corpore,
888 2897 918 2939 ut

371 2981 425 3028 istd
441 2995 512 3030 comas
529 2992 598 3026 mecm
615 2978 645 3025 ds
660 2990 735 3037 parco
744 2975 819 3033 fecit.

406 3061 478 3121 Erpa
488 3060 531 3106 ubi
538 3074 576 3106 me
587 3059 615 3106 iu
623 3062 716 3104 mactes
725 3060 749 3103 et
758 3055 786 3102 ia
795 3068 878 3102 arcem
887 3068 918 3101 ec

372 3134 918 3200 arboream.Fortassehaudpeiuammou-

374 3226 420 3278 tes,
428 3223 459 3267 ut
466 3220 494 3266 iu
502 3234 594 3278 arcem,
603 3233 634 3266 ea
639 3219 700 3264 urbe
707 3217 797 3276 recepi.
808 3212 921 3262 Nimium

374 3299 485 3354 ridetur,
502 3299 618 3345 villulam
626 3295 763 3358 appellasse
779 3308 870 3340 arcem.
887 3292 919 3339 In

375 3392 436 3440 apra
452 3383 477 3424 et
493 3378 617 3424 mantibus
634 3373 720 3422 villula
735 3371 811 3420 simul
827 3371 919 3432 cogita·

374 3463 423 3504 tur.
440 3455 475 3504 Hi
486 3461 557 3503 erant
568 3468 613 3517 pro
624 3470 694 3510 arce,
710 3452 742 3499 ad
754 3450 919 3499 defendendas

374 3537 512 3595 molestias,
530 3536 624 3598 τειχίον
642 3533 805 3588 Socraticum,
824 3532 920 3592 dequo

375 3633 401 3666 v.
417 3631 438 3666 c.
455 3617 562 3666 Maxim.
579 3616 671 3678 Tyrius
689 3614 793 3662 Dissert.
810 3613 845 3661 V.
868 3613 920 3660 Ho-

375 3695 454 3746 ratius
470 3711 503 3745 ex
514 3695 650 3753 montibus,
667 3694 737 3758 quasi
759 3693 851 3754 templo
868 3692 920 3740 Lu·

376 3776 499 3834 cretiana,
524 3775 672 3839 despiciebat
698 3773 758 3821 alios
780 3773 869 3820 misere
893 3772 921 3820 in

377 3855 438 3905 urbe
458 3855 577 3919 palantes.
619 3853 735 3903 Notanda
759 3866 822 3915 quae
849 3850 922 3900 habet

377 3934 531 3998 Porphyrio:
556 3933 642 3993 „Belle
659 3933 736 3990 dixit,
753 3931 822 3980 velut
838 3946 885 3980 rex
895 3931 921 3979 in

378 4014 469 4064 villula
484 4028 541 4062 mea
556 4012 625 4062 volut
636 4014 662 4060 in
673 4026 730 4060 arce
740 4012 836 4074 positus
845 4025 922 4070 eram,

379 4094 421 4144 vel
436 4094 503 4152 ideo,
520 4093 580 4156 quia
595 4094 623 4141 in
640 4099 723 4140 monte
739 4091 819 4155 posita
834 4094 897 4139 est.⁴‘

416 4174 485 4232 Qum
498 4174 573 4235 prius
588 4174 713 4221 illustrem
729 4173 818 4220 satiris
832 4172 866 4218 M
866 4186 923 4219 usa·

380 4270 428 4318 que
441 4255 569 4316 pedestri?
594 4253 691 4300 Versus
707 4266 774 4300 nuno
791 4251 923 4308 obscurus,

380 4343 406 4383 et
421 4334 556 4382 orationem
577 4332 642 4381 male
663 4331 829 4395 interpellans.
863 4331 923 4381 Om-

381 4415 425 4463 nia
444 4420 503 4462 sunt
525 4412 646 4471 faciliora,
668 4413 714 4460 hoc
737 4412 822 4460 ordine
847 4411 923 4461 lecta:

383 4497 453 4558 Erpa
464 4495 508 4543 ubi
524 4509 562 4542 me
578 4495 708 4541 tumentes
718 4497 743 4540 et
752 4493 780 4540 iu
795 4507 878 4541 arcem
894 4508 925 4541 eu

305 4608 310 4612 -
382 4577 444 4623 arbe
459 4575 566 4633 removi,
593 4574 647 4621 Nec
668 4573 738 4620 mala
762 4588 800 4621 me
824 4572 926 4620 ambitio

381 4656 480 4715 perdit,
496 4669 541 4703 aec
549 4654 681 4717 plumbeus
692 4657 778 4700 auster
803 4653 926 4700 Atratum·

384 4749 479 4796 auoque
490 4735 581 4796 maru,
593 4734 722 4783 Libitinae
729 4738 850 4795 quaestus
858 4747 925 4781 acer·

956 2023 1007 2080 bae,
1029 2023 1100 2080 Quid
1107 2024 1182 2084 prius
1196 2024 1322 2070 illustrem
1333 2019 1430 2068 Satiris
1441 2019 1476 2066 M
1475 2034 1500 2066 u·

955 2115 1030 2163 saque
1043 2103 1172 2163 pedestri?
1203 2100 1289 2162 Quum
1310 2115 1351 2148 rue
1371 2099 1447 2162 igitur
1469 2112 1501 2146 ex

956 2180 1016 2230 urbe
1041 2182 1066 2229 in
1083 2196 1172 2245 agrurn
1195 2180 1305 2239 removi,
1330 2185 1358 2226 ut
1379 2192 1445 2226 nunc
1461 2192 1499 2226 re-

956 2261 1035 2319 movi,
1062 2267 1142 2309 etms
1164 2275 1210 2308 nec
1232 2259 1332 2308 ambitio
1349 2273 1395 2307 nec
1419 2263 1502 2307 auster

956 2354 1002 2388 neo
1018 2347 1180 2400 auctumnus,
1207 2347 1235 2388 at
1252 2341 1358 2398 Rornae,
1383 2339 1502 2402 perdunt,

956 2422 1022 2483 quod
1039 2429 1214 2484 argumentum
1240 2422 1265 2468 in
1284 2419 1372 2470 Satiris
1389 2419 1456 2482 prius
1473 2419 1502 2467 il·

958 2501 1077 2560 lustrem,
1093 2515 1169 2564 quam
1185 2499 1341 2548 incommoda
1353 2499 1437 2546 urbis?
1455 2498 1502 2549 Or·

957 2581 1011 2628 diar
1028 2581 1058 2628 ab
1071 2581 1154 2637 initio,
1165 2587 1190 2628 et
1201 2577 1342 2641 explicabo,
1354 2584 1415 2640 quot
1425 2593 1502 2641 quan·

957 2667 997 2708 tae
1013 2660 1140 2708 molestiae
1165 2673 1204 2706 me
1226 2659 1274 2705 iam
1299 2657 1349 2705 fere
1366 2657 1397 2704 ab
1415 2665 1502 2706 exorto

957 2740 1007 2788 sole
1032 2741 1127 2789 Romae
1152 2744 1250 2786 vexent.
1286 2737 1335 2792 Tu,
1358 2738 1432 2795 Iane,
1453 2739 1502 2786 eris

957 2820 1105 2882 principium
1122 2816 1245 2866 carminis.
1279 2816 1375 2864 Eadem
1391 2821 1502 2878 transpo-

958 2900 1013 2948 sitio
1034 2899 1060 2947 in
1082 2905 1190 2946 mentem
1207 2901 1309 2944 venerat
1325 2893 1501 2944 Haberfeldtio.

1002 2983 1209 3040 Auctunmasque
1249 2977 1335 3038 pravis
1373 2975 1504 3025 Libitinae

959 3064 1079 3123 quaestus
1096 3060 1207 3107 acerbae.
1231 3055 1352 3105 Horatius
1369 3068 1440 3117 saepe
1457 3054 1504 3104 hoc

960 3139 1018 3188 anni
1034 3145 1131 3200 tempus
1152 3135 1257 3186 noxium
1280 3135 1414 3183 valetudini
1432 3149 1503 3183 accu-

960 3228 1005 3268 sat.
1030 3219 1118 3281 Neque
1129 3217 1258 3281 ignorabat
1269 3217 1372 3274 Fronte,
1382 3214 1503 3275 scribens,

960 3309 988 3348 ut
1004 3300 1103 3363 quidem
1124 3298 1223 3361 legitur,
1245 3311 1301 3359 pag.
1318 3296 1375 3348 277.
1401 3297 1505 3358 Hiemps

960 3382 1011 3436 est,
1032 3384 1057 3426 et
1077 3379 1184 3427 crudum
1208 3391 1278 3424 rnare
1300 3377 1430 3423 biternum
1450 3380 1504 3431 est,

960 3460 1043 3507 adesse
1065 3472 1114 3505 aaa
1134 3457 1227 3518 patuit.
1255 3457 1307 3504 Ubi
1323 3457 1418 3516 lampa
1430 3469 1505 3516 prae·

962 3538 1077 3593 terierit,
1103 3550 1193 3584 verace
1218 3539 1375 3596 tempestates
1395 3535 1506 3583 incertas

961 3622 986 3666 et
1002 3616 1092 3664 dubiae
1109 3619 1222 3664 moratae
1238 3619 1306 3662 suut.
1329 3616 1378 3663 Ver
1389 3618 1505 3663 exactum

962 3696 1020 3746 est?
1046 3698 1138 3745 Aestas
1161 3701 1199 3744 est
1216 3695 1300 3743 calida
1309 3729 1317 3756 ,
1342 3700 1367 3743 et
1383 3695 1419 3742 sot
1435 3693 1505 3741 uaci-

962 3783 1050 3841 pautes
1070 3778 1140 3835 urit,
1161 3780 1186 3824 et
1215 3775 1285 3823 bomo
1310 3777 1433 3830 nauseat,
1459 3777 1506 3821 aut

963 3870 1059 3905 v-rrus
1075 3857 1207 3917 sequitur:
1235 3855 1317 3902 Poma
1334 3854 1507 3916 culpabuntur

964 3943 988 3984 et
1004 3938 1108 3998 tanqum
1124 3937 1293 3985 eacusabitur.
1326 3933 1410 3982 Maius
1432 3933 1507 3985 edidit

965 4021 1011 4064 aut
1027 4017 1115 4064 calcus
1131 4016 1253 4078 sequitur.
1267 4013 1381 4061 ‘Fronto
1397 4011 1506 4075 scripsit:

964 4101 990 4145 et
1011 4097 1081 4144 borna
1097 4100 1212 4145 nauseat.
1246 4096 1406 4142 Auctumaus
1427 4094 1507 4154 sequi·

965 4177 1026 4223 turi
1059 4176 1343 4237 Pomaculpaburatur,
1360 4177 1386 4220 et
1403 4172 1508 4232 laupuor

965 4256 1135 4303 accusabitur.
1152 4255 1240 4302 Horat.
1257 4251 1341 4301 Garm.
1358 4250 1409 4298 III.
1427 4263 1507 4297 xxrrr.

966 4334 1060 4382 alumni
1088 4347 1138 4381 non
1159 4333 1269 4382 sentiunt
1292 4331 1422 4394 Porcifera
1435 4346 1510 4392 prave

967 4421 1063 4476 tempus
1079 4428 1153 4461 aune.
1185 4412 1236 4461 Ubi
1260 4410 1341 4461 Schol.
1363 4423 1509 4472 „pomorum

967 4492 1036 4542 vario
1053 4499 1129 4554 gustu
1149 4491 1314 4555 languescunt
1330 4492 1456 4553 corpora.“

1002 4573 1046 4620 Sic
1062 4569 1115 4619 Dis
1137 4572 1270 4633 placitum.
1304 4567 1341 4617 Ut
1363 4582 1453 4631 nempe
1469 4569 1510 4617 ho-

968 4651 1061 4709 mines,
1078 4652 1104 4700 in
1121 4665 1207 4700 somno
1224 4649 1293 4698 obliti
1310 4647 1424 4697 laborum
1436 4654 1512 4697 etcu-

969 4746 1064 4791 rarum,
1081 4731 1165 4796 itaque
1181 4729 1295 4790 recreati,
1313 4727 1434 4778 matutino
1450 4733 1510 4778 tem-
