3750 5759
835 687 1184 755 SATIRARUM

482 881 662 946 Mercator:
687 884 741 961 tu,
762 877 933 944 consultus
958 878 1075 962 modo,
1099 878 1260 944 rusticus:
1284 879 1361 945 hinc
1385 902 1462 963 vos,

483 984 549 1049 Vos
573 983 650 1048 hinc
672 982 811 1047 mutatis
835 980 995 1047 discedite
1017 981 1176 1067 partibus.
1224 982 1303 1048 Eia!

483 1085 570 1166 Quid
592 1084 732 1150 statis?“
756 1085 873 1149 nolint.
922 1083 1028 1170 Atqui
1051 1083 1130 1150 lieet
1153 1107 1224 1150 esse
1246 1087 1361 1152 beatis.

485 1188 572 1269 Quid
595 1210 728 1254 caussae
751 1193 819 1271 est,
844 1187 963 1253 merito
989 1187 1068 1272 quin
1092 1187 1160 1253 illis
1185 1189 1313 1275 Iupiter
1335 1190 1451 1256 ambas

484 1293 593 1356 Iratus
616 1291 735 1357 buccas
758 1291 867 1369 inflet3
892 1312 998 1376 neque
1022 1312 1056 1356 se
1079 1290 1147 1356 fore
1169 1293 1307 1377 posthac

483 1394 563 1460 Tam
586 1394 717 1460 facilem
741 1395 847 1476 dicat,
871 1393 958 1459 votis
981 1397 1020 1458 ut
1042 1395 1196 1482 praebeat
1218 1400 1353 1462 aurem?

486 1497 675 1582 Praeterea,
702 1496 759 1584 (ne
783 1497 847 1580 sic,
872 1495 991 1582 utqui
1015 1495 1191 1583 iocularia,
1215 1500 1327 1566 ridens

487 1600 694 1667 Percurram:
719 1623 919 1687 quamquam
941 1600 1103 1666 ridentem
1127 1603 1233 1670 dicere
1255 1627 1368 1670 verum

487 1705 575 1786 Quid
597 1709 709 1772 vetat?
731 1711 770 1770 ut
791 1705 901 1791 pueris
925 1704 1006 1770 olim
1030 1704 1111 1771 dant
1133 1710 1279 1775 crustula
1301 1710 1416 1775 blandi

486 1807 662 1893 Doctores,
688 1809 850 1874 elementa
871 1807 977 1874 velint
998 1812 1037 1873 ut
1060 1809 1183 1877 discere
1206 1813 1341 1902 prima.)

478 1938 548 1997 Quin
577 1938 630 1987 utu
655 1939 760 2002 Iupiter
784 1940 871 1987 amhae
900 1938 994 1986 Iratus
1036 1943 1088 1996 tiu,
1110 1954 1160 1988 non
1178 1942 1233 1990 illie
1258 1942 1339 2005 inflet.
1374 1941 1424 1991 Sed
1449 1941 1492 1990 ubi
1516 1955 1586 1989 mens

442 2019 531 2066 buccas
552 2017 633 2080 inflet.
667 2017 695 2067 Si
712 2017 831 2066 Horatius
848 2024 921 2066 antea
937 2016 995 2064 scri·
1035 2015 1081 2066 fuit
1105 2020 1259 2078 Burmanni,
1282 2021 1464 2084 interpretantis
1486 2021 1517 2067 ad
1539 2020 1586 2068 Pe-

442 2096 542 2158 psisset:
562 2096 592 2144 st
608 2097 660 2144 illie
678 2098 764 2155 Deru,
781 2098 827 2146 Ere
842 2097 995 2160 epo,dieat:
1035 2102 1089 2144 tron
1115 2114 1139 2161 p.
1155 2100 1212 2148 205.
1246 2100 1358 2162 „Iupiter
1375 2100 1453 2148 iratus
1470 2099 1588 2162 colaphos

443 2175 485 2223 rel
509 2176 539 2224 Si
563 2175 679 2237 Iupiter,
705 2176 750 2224 Eu
766 2190 821 2238 epo,
846 2177 930 2225 dicat.-
956 2174 996 2222 hic
1034 2176 1066 2224 iis
1077 2177 1176 2239 infligit,
1194 2179 1429 2228 etcontemtissimos
1443 2178 1586 2228 mortalium

445 2256 549 2318 Iupiter
573 2268 614 2302 me
635 2268 686 2302 non
707 2253 848 2303 offenderet.
882 2254 950 2302 Nam
972 2259 996 2301 et
1035 2257 1128 2306 reddit:
1145 2273 1205 2306 nam
1222 2259 1257 2308 ita
1278 2259 1402 2316 solebant,
1425 2273 1487 2323 quos
1508 2257 1587 2322 alapis

444 2334 489 2382 ille
505 2348 578 2396 saepe
594 2334 739 2397 simpliciter
754 2335 824 2384 Deus
840 2334 994 2399 appellatur,
1035 2337 1183 2397 tundebant,
1201 2338 1270 2402 prius
1287 2338 1375 2386 buccas
1391 2336 1478 2385 inflare
1495 2336 1586 2395 iubere,

445 2421 470 2462 et
485 2428 576 2462 nomen
584 2414 665 2477 ipsum
674 2413 736 2462 hene
744 2421 903 2477 repeteretur.
920 2414 996 2463 Nunc
1035 2416 1100 2478 quod
1118 2431 1144 2465 οι
1157 2419 1278 2480 praebere
1286 2416 1351 2466 dixit
1360 2416 1508 2466 Terentius?
1523 2416 1587 2464 Bur-

445 2494 593 2557 praecedens
610 2495 633 2542 ri
649 2497 706 2556 quis
719 2497 793 2542 Deua
809 2493 937 2557 proprium
947 2492 996 2541 Dei
1035 2508 1156 2543 mannum
1172 2496 1255 2544 minus
1271 2496 1333 2544 bene
1350 2497 1376 2544 in
1389 2496 1520 2559 coegisse,
1536 2495 1586 2543 iam

446 2572 552 2620 alicuius
577 2587 668 2621 nomen
693 2572 791 2622 refutat.
824 2572 888 2622 Utar
914 2585 996 2619 exem·
1037 2573 1195 2638 Oudendorp.
1212 2576 1244 2624 ad
1260 2575 1356 2639 Appul.
1374 2576 1476 2624 Metam.
1491 2589 1515 2638 p.
1531 2575 1586 2623 633.

446 2651 502 2714 plo,
519 2653 584 2714 quod
601 2652 695 2715 legitur
711 2653 737 2699 in
754 2650 868 2699 Platonis
879 2649 963 2698 Alcib.
976 2649 997 2698 1.
1036 2653 1218 2702 animadvertit.

447 2744 470 2792 p.
490 2729 544 2779 105.
568 2729 647 2787 δοκεῖς
664 2731 712 2795 γάρ
729 2749 782 2795 μοι,
799 2730 820 2779 εἶ
832 2730 870 2787 τίς
882 2747 922 2778 σοι
932 2729 998 2778 εἴποι
1069 2733 1218 2791 Praeterea,
1234 2749 1265 2782 ue
1281 2735 1326 2793 sic,
1343 2739 1373 2782 ut
1390 2735 1434 2797 qui
1450 2734 1586 2789 iocularia,

446 2809 523 2872 θεῶν,
549 2809 569 2857 ὦ
594 2806 749 2871 Ἀλκιβιάδη,
776 2809 886 2874 πότερον
910 2807 999 2870 βούλει
1037 2811 1124 2858 rideris
1152 2801 1317 2860 Percurruru.
1351 2812 1421 2860 Haec
1438 2825 1485 2874 ego
1501 2817 1587 2860 cuncta

448 2889 506 2953 ζῇν,
528 2889 595 2952 ἔχων
616 2891 633 2937 ἃ
656 2892 706 2939 νῦν
722 2890 801 2953 ἔχεις,
817 2889 834 2948 ἢ
852 2889 944 2938 αὐτίκα
962 2906 999 2937 τε·
1037 2895 1122 2950 putem
1148 2888 1271 2950 facilium,
1298 2891 1319 2938 si
1344 2891 1379 2939 sic
1395 2889 1525 2954 legantur:
1543 2892 1586 2939 In-

448 2966 554 3029 θνάναι,
572 2966 593 3016 εἰ
608 2967 643 3032 μὴ
655 2985 695 3017 σοι
709 2967 805 3023 ἐξέσται
816 2969 891 3031 μείζω
903 2967 999 3027 κτήσα-
1039 2973 1106 3016 terea
1125 2968 1166 3031 (ne
1181 2971 1229 3030 tic,
1246 2976 1277 3019 ut
1293 2973 1337 3034 qui
1353 2972 1491 3027 ocularia,
1503 2971 1587 3019 ridens

449 3047 524 3106 σθαι,
542 3045 622 3103 δοκεῖς
638 3046 673 3094 ἅν
689 3064 732 3110 μοι
749 3044 849 3094 ἑλέσθαι
866 3042 999 3094 τεθνάναι.
1040 3047 1209 3107 Perrurrum3
1232 3064 1383 3112 quamquam
1404 3051 1529 3100 ridentem
1552 3049 1587 3097 di-

449 3130 487 3182 et,
504 3124 590 3172 multis
608 3124 770 3187 interpositis:
797 3124 839 3171 rat
864 3122 885 3171 εἰ
910 3124 943 3172 αὖ
960 3139 1000 3172 σοι
1039 3140 1093 3174 cere
1116 3141 1202 3175 cuum
1239 3128 1309 3187 Quid
1332 3128 1423 3178 vetut?
1448 3135 1479 3177 ut
1501 3129 1588 3191 pueris

450 3203 517 3252 εἴποι
533 3203 546 3252 ὁ
564 3203 643 3260 αὐτὸς
652 3201 727 3260 οὗτος
735 3203 804 3263 θεὸς,
814 3201 854 3251 ὅτι
862 3203 918 3252 κτλ.
941 3203 1001 3252 Non
1040 3205 1099 3252 olim
1115 3206 1179 3254 daut
1201 3208 1318 3256 crustula
1342 3210 1429 3257 utendi
1454 3210 1589 3267 Doctores,

450 3281 524 3331 credo
540 3282 672 3331 Platonem
688 3282 715 3329 in
731 3281 860 3345 postremis
876 3283 1000 3331 dicturum
1039 3285 1160 3333 elementa
1175 3287 1253 3335 retiret
1269 3292 1299 3335 ut
1316 3288 1411 3336 discere
1426 3288 1526 3350 primu,
1551 3287 1589 3334 Et

451 3361 539 3418 inisse,
556 3362 599 3410 καὶ
616 3360 637 3411 εἰ
653 3363 686 3410 αὖ
696 3380 736 3410 σοι
746 3360 914 3420 εἶποιὸΖεύς.
939 3362 1000 3411 For·
1041 3364 1141 3412 taudem
1162 3370 1244 3414 arneto
1260 3371 1419 3428 quaeruntur
1439 3367 1507 3414 seria
1520 3365 1587 3427 ludo)

451 3448 516 3490 tasse
526 3441 646 3491 Horatius
660 3441 740 3490 dedit:
760 3442 831 3500 Quid
841 3455 946 3490 ιοιιοιαο
955 3447 1001 3500 est,
1040 3442 1093 3490 Itte
1108 3457 1208 3504 murem
1225 3457 1260 3507 sq.
1295 3444 1405 3502 Interea,
1422 3451 1451 3493 ut
1468 3445 1521 3493 sine
1538 3446 1588 3494 ioco

452 3525 541 3572 urerito
557 3524 618 3586 quire
634 3523 686 3570 iilis
702 3522 814 3583 turpiter
830 3523 917 3570 οοιοιιο
942 3522 1002 3569 Iru-
1041 3520 1143 3584 loquar,
1165 3537 1316 3586 quamquam
1338 3529 1363 3570 et
1383 3523 1486 3572 ridendo
1502 3538 1587 3572 verum

453 3605 602 3652 turtureus
621 3602 703 3663 inflet.
737 3600 804 3662 Quid
826 3613 927 3648 caussae
952 3607 1002 3659 est,
1042 3600 1090 3648 diei
1106 3602 1195 3664 possit,
1212 3609 1295 3650 manet
1308 3603 1511 3667 insuoquisque
1526 3605 1588 3653 vitae

452 3681 513 3746 quin
530 3682 668 3738 isteDeus,
682 3679 771 3728 merito
785 3679 836 3726 illis
844 3679 937 3737 haum,
951 3695 1002 3727 am·
1043 3694 1140 3742 genere,
1158 3680 1268 3730 laborem
1282 3680 1382 3744 perfert,
1396 3683 1489 3732 cibaria
1502 3697 1588 3747 congc-

453 3761 497 3809 bas
513 3761 602 3809 buccas
618 3760 723 3823 turpiter
740 3759 821 3817 inflet,
843 3759 905 3807 adeo
921 3759 1002 3819 inflet,
1042 3759 1088 3817 rit,
1109 3767 1138 3808 ut
1158 3774 1235 3810 senex
1251 3762 1278 3810 in
1297 3761 1348 3809 otia
1364 3762 1469 3810 recedat.
1504 3763 1589 3811 Prima

355 3875 358 3880 -
453 3852 482 3891 ut
506 3842 605 3890 vultum
630 3840 704 3888 faciat
733 3846 838 3902 turpem.
882 3840 1005 3901 Turpiter
1043 3837 1178 3900 elementa,
1196 3848 1224 3889 ut
1241 3841 1348 3898 radices,
1366 3848 1425 3888 sunt
1441 3856 1539 3900 amara,
1556 3850 1589 3891 ta·

454 3921 539 3983 inflet,
556 3921 627 3969 utin
644 3917 758 3981 Epistola
774 3918 805 3966 ad
822 3917 933 3974 Pisones,
950 3932 1004 3965 mu·
1043 3932 1101 3965 men
1118 3920 1265 3969 devoranda.
1286 3921 1405 3970 Doctores
1418 3921 1497 3984 igitur
1509 3922 1590 3970 dulcia

454 4001 502 4049 lier
518 4001 629 4063 turpiter
645 3997 737 4047 desiuit
753 4000 781 4045 iu
796 3999 895 4060 piscuu
922 3998 1004 4060 Quem
1043 3999 1150 4046 reddunt
1167 3999 1256 4047 additis
1273 3999 1397 4049 crustulis.
1419 4000 1521 4048 Veritas
1534 4015 1590 4064 quo·

456 4081 541 4141 turpis
556 4078 600 4126 fiat
617 4077 691 4126 facies
711 4078 750 4125 ira
765 4078 1004 4135 excandescentium,
1043 4090 1091 4140 que
1108 4084 1145 4125 est
1161 4093 1258 4137 amara,
1275 4087 1300 4126 et
1316 4079 1400 4127 odium
1417 4079 1488 4141 parit.
1514 4081 1591 4129 Poiita

456 4166 481 4207 et
497 4166 583 4207 notum
604 4164 652 4215 est,
678 4163 703 4205 et
723 4156 834 4214 Seneca,
853 4157 1004 4207 Plutarchus
1045 4156 1103 4204 facit
1119 4156 1230 4214 dulcem,
1247 4157 1306 4205 iocis
1318 4158 1444 4206 admixtis.
1467 4157 1509 4206 Ita
1522 4159 1592 4223 pueri

456 4238 548 4301 aliique
568 4245 695 4302 tamquam
715 4243 862 4298 argumento
878 4237 917 4284 usi
933 4244 1005 4295 sunt,
1045 4242 1069 4283 et
1090 4235 1193 4284 lectores
1215 4252 1260 4286 suo
1278 4240 1407 4288 commodo
1423 4239 1592 4303 decipiuntur,

456 4325 485 4366 ut
497 4318 778 4367 abiradchortarentur.
796 4315 897 4365 Sueten.
914 4315 1004 4365 Claud.
1045 4321 1069 4362 et
1085 4316 1150 4377 quod
1167 4330 1281 4365 amarum
1298 4319 1340 4366 sed
1357 4317 1456 4365 salubre
1472 4327 1516 4376 est,
1534 4319 1592 4366 reci·

457 4398 497 4446 30.
513 4399 555 4445 iru
572 4397 685 4457 turpior,
700 4401 834 4458 spumante
849 4396 930 4453 rictu,
959 4397 1003 4444 hu·
1044 4393 1127 4457 piunt:
1153 4396 1280 4445 ducuntur
1301 4397 1339 4445 illi
1362 4397 1491 4458 crustulis,
1517 4398 1545 4446 hi
1561 4399 1592 4446 ri·

457 4480 581 4526 urentibus
596 4477 708 4524 naribus.
745 4475 868 4536 Turpiter
888 4480 912 4522 et
928 4476 1004 4536 lupi·
1045 4474 1125 4523 dendo
1142 4477 1173 4523 ad
1190 4476 1261 4524 seria.
1287 4476 1394 4538 Quando
1406 4478 1489 4540 pueri,
1504 4479 1539 4526 ita
1552 4479 1592 4527 de·

458 4563 498 4605 ter
513 4569 601 4618 parum
618 4553 750 4611 differunt,
767 4566 796 4599 ae
813 4552 862 4600 fere
877 4551 954 4610 nihil,
971 4552 1013 4610 si,
1045 4554 1117 4616 cepti,
1141 4554 1264 4603 elementa
1284 4556 1434 4615 didicerunt,
1457 4556 1531 4606 ludus
1549 4558 1593 4606 iste

421 4688 423 4691 ,
458 4635 523 4696 quod
542 4632 616 4680 multi
632 4632 785 4696 praeterunt,
802 4631 925 4679 scribatur
942 4633 1005 4693 Iup·
1046 4646 1095 4680 non
1108 4633 1216 4696 amplius
1229 4633 1370 4682 adhibetur:
1388 4635 1592 4700 iamscriaquoe·

456 4716 532 4778 piter.
566 4713 697 4775 Iungends
719 4719 801 4758 autem
818 4718 876 4758 suut
892 4712 1005 4760 illiciru-
1046 4717 1161 4768 ruutur,
1173 4712 1342 4775 disputantur,
1359 4714 1483 4764 docentur.
