3750 5759
433 681 495 744 188
812 680 856 743 11.
904 697 1032 744 sarum
1054 696 1097 754 11,
1122 697 1174 743 111.

429 881 512 915 versas
528 868 661 930 scripturas
697 870 774 916 cuim
789 871 887 918 oderem
907 871 955 917 olei
976 875 1000 916 et
1021 869 1092 917 euius
1114 869 1211 926 ederem
1234 870 1322 918 313331.
1357 869 1468 932 Utraque
1495 879 1563 920 certe

429 947 521 996 Latina
537 955 587 1005 est,
604 954 628 996 et
644 948 748 996 Horatio
764 950 836 1012 poeta
853 949 936 1010 digna
970 947 1101 998 Genitivus
1118 947 1217 995 videtur
1227 949 1307 1011 magis
1318 949 1462 1012 exquisitus.
1496 949 1562 1000 Scri·

428 1026 487 1075 bere
501 1041 598 1091 quoque
614 1025 744 1089 potuisset:
769 1026 850 1075 Cuim
870 1029 968 1076 odorem
988 1029 1036 1074 elei
1052 1041 1158 1088 aequem
1174 1027 1288 1091 perferre
1304 1055 1335 1062 -
1355 1055 1386 1064 —
1407 1043 1487 1079 cornu
1509 1032 1564 1094 ipse

429 1108 514 1155 bilibri
529 1109 557 1154 id
575 1106 697 1157 cautum
712 1109 830 1155 instillat.
863 1107 951 1156 Livius
969 1105 1073 1155 XXXI.
1090 1107 1130 1155 44.
1167 1107 1218 1156 Cui
1233 1109 1288 1156 odio
1303 1108 1332 1156 iu
1349 1110 1505 1172 Philippum
1514 1126 1562 1173 per

429 1192 520 1234 metum
537 1187 589 1233 ium
605 1183 648 1234 diu
665 1188 792 1234 moderata
809 1191 880 1246 erut,
896 1188 1008 1235 idemne
1024 1188 1053 1234 13
1069 1187 1317 1248 ausilir'prueeeutir
1331 1202 1399 1250 spera
1415 1188 1519 1251 effudit.

478 1264 508 1314 P.
528 1266 582 1314 103.
616 1267 646 1315 st
662 1271 687 1314 te
702 1267 775 1314 eliud
788 1281 897 1328 prauum
913 1267 1053 1315 detorserit.
1086 1265 1145 1313 Huc
1166 1265 1272 1328 pertinet
1293 1267 1419 1316 annotatio
1437 1268 1562 1319 Gronovii

429 1345 460 1392 ad
476 1344 577 1393 Livium
593 1346 641 1394 IV.
659 1347 699 1394 26.
725 1346 768 1405 „A
786 1345 847 1394 vitio
863 1345 972 1409 eorporis
988 1347 1019 1394 ad
1036 1346 1124 1394 vitium
1140 1345 1218 1393 animi
1234 1346 1423 1405 transtulerunt,
1439 1349 1503 1396 adeo
1513 1348 1561 1396 fre·

429 1432 545 1491 quentato
561 1441 620 1483 usu,
637 1438 665 1474 ut
680 1426 805 1489 propriam
822 1440 899 1488 paene
920 1426 1126 1487 significationem
1151 1427 1303 1476 exstinxerit.
1337 1427 1450 1491 Apparet
1474 1436 1561 1477 tamen

429 1507 499 1570 origo
514 1522 571 1555 cnm
588 1506 749 1555 translatione
766 1506 793 1554 in
810 1505 854 1555 illo
870 1506 969 1554 Horatii
986 1506 1022 1554 II.
1047 1506 1128 1556 Satira
1145 1506 1182 1554 11.
1198 1506 1316 1570 frustra<
1327 1508 1418 1555 3111313
1438 1508 1562 1556 nitereris

428 1589 493 1635 illud
509 1588 541 1636 Si
556 1592 581 1635 te
596 1586 646 1635 elie
660 1602 770 1649 prauum
787 1588 944 1634 detorserisf‘
978 1589 1093 1635 Pronum
1109 1600 1197 1649 nempe
1213 1586 1239 1634 in
1250 1599 1351 1649 corpore
1362 1589 1488 1636 detortum
1500 1602 1561 1651 quo·

429 1682 476 1730 qne
492 1666 589 1714 dicitur.
615 1665 677 1723 Hic,
693 1673 765 1729 puto,
782 1665 886 1714 verbum
902 1666 985 1714 uitare
1001 1667 1081 1728 magis
1098 1667 1195 1726 suadet,
1213 1673 1240 1714 ut
1256 1666 1403 1729 accipiamus
1414 1668 1562 1729 detorquere

428 1746 459 1795 de
475 1760 549 1795 cursu
565 1760 691 1810 aequoreo.
724 1747 831 1794 Frustra
846 1746 963 1795 vitaveris
980 1746 1042 1794 illud
1059 1746 1148 1795 vitium
1164 1753 1189 1795 et
1205 1747 1332 1795 deflexeris
1348 1762 1364 1794 a
1380 1745 1522 1809 Charybdi,
1539 1746 1561 1793 si

428 1826 494 1874 aliud
510 1834 535 1875 te
552 1841 654 1888 pravum
671 1826 703 1872 ad
720 1825 829 1888 Scyllam
846 1825 982 1874 detorserit.
1015 1825 1108 1874 Melius
1124 1825 1170 1875 sibi
1187 1827 1334 1889 respondent
1349 1826 1504 1874 substantiva
1520 1830 1558 1875 ui-

429 1909 493 1954 tium
510 1914 534 1954 et
549 1922 668 1968 pravum,
685 1920 760 1968 quam
777 1908 869 1954 citium
886 1913 910 1953 et
927 1912 952 1954 te
966 1922 1091 1968 prunum,
1108 1906 1128 1954 si
1145 1921 1237 1968 pravus
1254 1905 1295 1953 sis.

476 1988 506 2036 P.
526 1988 580 2038 107.
617 1986 700 2047 Culpa
715 1992 804 2045 potere
822 1988 951 2048 orupietru.
986 1983 1049 2034 Cato
1065 1986 1090 2033 in
1107 1985 1176 2034 Diris
1196 1986 1249 2034 159.
1276 1987 1359 2034 Istius
1371 1991 1448 2049 utque
1458 1988 1560 2034 utinum

421 2066 493 2128 furti
508 2082 563 2114 urea
578 2070 654 2130 eulpa
670 2069 789 2129 rrrupittru
823 2069 917 2116 Primo
926 2070 1006 2131 seret.
1039 2067 1091 2116 Ubi
1109 2067 1232 2130 Scaliger:
1250 2073 1339 2130 „atque
1356 2066 1452 2115 utinam
1464 2068 1560 2130 primus

427 2147 473 2195 hoo
489 2146 583 2194 malurn
600 2147 743 2210 exemplum
759 2147 862 2210 posteris
879 2147 1046 2210 reliquissem,
1063 2153 1091 2195 ut
1107 2147 1200 2195 dicerer
1216 2153 1301 2195 auctor
1312 2145 1402 2195 occulti
1413 2147 1519 2208 amoris;
1530 2155 1560 2196 nt

428 2229 495 2290 apud
511 2227 660 2286 Horatium,
677 2228 754 2289 culpe
768 2233 859 2289 petere
874 2229 1021 2289 mupbtmf‘

477 2306 508 2355 P.
527 2307 582 2356 108.
616 2306 702 2368 Culpa
716 2312 806 2368 potare
830 2308 960 2368 nmputru.
994 2304 1095 2354 conieci
1120 2308 1224 2355 Paullo.
1259 2305 1400 2354 Potuissem
1424 2312 1449 2353 et
1473 2308 1560 2354 Pollu.

427 2389 522 2436 Notum
539 2400 628 2435 nornen
644 2400 677 2434 ex
693 2386 723 2434 P.
742 2385 828 2435 Statio.
861 2386 945 2434 Mater
960 2400 1057 2449 quoque
1073 2385 1175 2448 Virgilii
1190 2384 1329 2449 appellatur
1345 2387 1434 2444 Pollu,
1455 2386 1481 2434 in
1498 2386 1560 2435 Vite

427 2465 507 2523 111113,
524 2480 599 2528 quam
615 2465 751 2528 composuit
767 2464 950 2514 Grammaticus
968 2465 1073 2513 Phocas.
1106 2466 1176 2529 Ergo
1200 2471 1224 2513 et
1246 2479 1336 2513 nomen
1356 2464 1468 2513 mulieris
1490 2466 1559 2514 haud

427 2545 463 2593 ita
478 2546 574 2595 nobilis.

476 2626 507 2675 P.
526 2625 573 2675 108
618 2628 742 2674 Venerato
761 2624 837 2674 Ceres
854 2631 883 2673 ut
898 2632 1018 2688 carperet.
1053 2625 1094 2675 Sic
1111 2625 1177 2674 Deos
1195 2627 1302 2674 odorere
1317 2630 1346 2672 ut
1362 2623 1415 2671 sim.
1443 2623 1559 2674 Gronov.

428 2707 460 2753 ad
476 2705 576 2755 Livium
593 2705 696 2754 XXXI.
712 2705 737 2754 8.

845 2821 902 2862 11.
937 2810 1073 2861 SATIRA
1090 2811 1142 2860 ΠΙ.

477 2945 506 2993 Ρ.
525 2945 579 2993 110.
616 2942 725 2991 Comites
741 2943 843 2990 educere
860 2946 951 2990 tentor.
984 2940 1092 2990 Comites
1110 2946 1210 2996 tautae,
1231 2948 1313 2989 tantos
1334 2939 1411 2997 viros,
1428 2940 1559 3003 scriptores

428 3030 511 3071 tantae
527 3022 680 3071 auctoritatis
696 3026 721 3068 et
737 3020 844 3082 gloriae,
865 3020 908 3083 qni
929 3020 969 3068 vel
990 3021 1042 3069 solo
1058 3021 1157 3069 nomine
1174 3027 1199 3068 te
1215 3021 1246 3068 ad
1263 3020 1420 3068 scribendum
1436 3020 1559 3068 debebant

428 3102 560 3165 impellere.
587 3102 614 3152 Si
630 3101 750 3150 Horatius
766 3100 886 3148 voluisset
901 3100 979 3149 libros
997 3107 1085 3151 tautae
1100 3103 1185 3159 333113,
1202 3102 1284 3164 potius
1296 3100 1432 3163 scripsisset
1442 3103 1559 3163 prandes.

477 3182 507 3230 P.
528 3183 582 3231 111.
617 3183 671 3230 Rea
687 3196 741 3229 3133
751 3180 844 3243 fractu
860 3186 903 3228 est.
935 3181 1003 3229 Nota
1026 3180 1169 3244 metaphora
1190 3181 1335 3244 uuusrupii,
1361 3179 1506 3243 praesertim
1532 3180 1559 3228 in

428 3276 455 3310 re
472 3261 597 3319 familiari,
614 3268 643 3308 ut
659 3261 705 3308 1113.
738 3260 820 3308 Huius
842 3261 1000 3324 metaphorae
1020 3262 1069 3309 duo
1094 3260 1208 3324 exempla
1227 3261 1288 3309 mihi
1304 3274 1400 3323 semper
1416 3261 1479 3308 mira
1496 3261 1559 3309 acci-

428 3343 531 3401 derunt,
547 3341 649 3405 Nepotis
666 3340 693 3387 in
710 3339 831 3389 Themist.
848 3340 911 3390 VII.
929 3347 954 3389 et
970 3340 1001 3389 P.
1019 3332 1102 3390 Melae
1118 3339 1196 3388 II.11.
1229 3339 1325 3402 Nepos:
1345 3341 1458 3388 Illorum
1473 3344 1559 3390 urbem

428 3427 458 3469 ut
473 3423 690 3484 prepuprtueulum
706 3420 846 3482 oppositum
862 3435 912 3470 esre
928 3422 1056 3478 barberto,
1079 3421 1149 3483 apud
1169 3435 1244 3482 quara
1269 3421 1321 3467 ium
1345 3421 1381 3467 bis
1401 3420 1505 3468 classem
1521 3435 1559 3470 re·

427 3504 494 3566 pium
504 3503 598 3564 secisse
613 3502 784 3565 naufragium,
821 3501 901 3551 Mela:
921 3503 1026 3550 Flumen
1048 3502 1127 3564 Aepes
1143 3499 1279 3563 uuerfrupie
1295 3502 1385 3549 elassis
1402 3502 1506 3548 Atticae
1521 3500 1559 3547 iu-

426 3585 501 3646 eipue.
534 3583 654 3632 Dukerns
670 3583 702 3630 ad
718 3581 821 3632 Florum
838 3583 860 3632 1.
877 3595 936 3630 xm.
957 3581 994 3629 19.
1027 3579 1109 3630 Melae
1134 3580 1211 3628 verba
1234 3580 1266 3627 ad
1288 3579 1434 3642 explicanda
1454 3578 1559 3641 Nepotis

427 3664 477 3711 iam
494 3662 613 3710 adhibuit
645 3661 677 3708 In
693 3660 829 3725 uaufroyio
846 3663 935 3711 3133311
952 3661 1034 3708 omnia
1057 3666 1115 3708 sunt
1139 3661 1245 3723 propria.
1279 3658 1342 3721 Quis
1365 3659 1433 3707 locus
1458 3665 1560 3721 superat

427 3742 601 3805 Metuphoraei
634 3739 689 3788 Iam
705 3755 784 3804 neque
800 3742 826 3789 in
843 3740 930 3789 Attica
946 3739 1030 3788 classis
1046 3739 1117 3802 regia
1132 3740 1230 3802 proprie
1246 3738 1405 3802 naufragium
1422 3737 1491 3795 fecit,
1515 3752 1557 3786 ne·

427 3837 476 3885 que
493 3821 519 3869 in
535 3821 635 3869 flumine
651 3823 830 3885 Aegospotami
840 3821 926 3870 classis
936 3821 1032 3870 Attica.
1056 3822 1171 3870 Fortasse
1181 3822 1265 3884 Nepos
1277 3820 1384 3883 scripsit:
1402 3821 1472 3881 opud
1482 3835 1559 3882 quum

427 3905 478 3951 ianr
495 3904 531 3950 bit
547 3915 604 3963 uper
620 3903 702 3964 reptos
712 3901 806 3965 fecisse
822 3901 993 3964 uuusropium.
1027 3901 1067 3950 Ita
1087 3899 1149 3950 solet
1168 3901 1254 3964 Nepos
1271 3899 1394 3964 appellare
1410 3906 1558 3963 potestatem

427 3984 492 4046 regis
509 3984 652 4031 Persarum.
685 3982 725 4030 De
741 3981 854 4046 exemplo
871 3982 965 4040 Melae,
988 3983 1135 4045 deeeptnsne
1160 3980 1234 4030 fuerit
1254 3986 1370 4044 corrupta
1393 3981 1515 4043 3311111113
1532 3980 1558 4028 11

426 4064 536 4126 Nepote,
553 4077 585 4110 an
602 4061 704 4109 fortasse
720 4061 809 4110 similia
826 4060 940 4124 exempla
957 4061 1108 4118 exstiterint,
1126 4060 1185 4123 quid
1202 4060 1283 4109 dicam
1295 4060 1386 4108 nescio.
1418 4061 1557 4124 11113111-

427 4145 484 4192 dem
499 4142 643 4206 exemplum
659 4156 709 4190 non
726 4148 822 4202 exstat3
839 4155 886 4190 nec
902 4141 1009 4191 Graecos
1025 4142 1061 4189 ita
1076 4141 1171 4188 locutos
1188 4155 1240 4189 esse
1256 4146 1325 4202 puto.

474 4224 504 4272 P.
524 4224 578 4272 lll.
613 4223 715 4271 Erubuit
731 4229 837 4272 33133331
853 4223 917 4270 mire
933 4236 1015 4270 novus.
1049 4219 1209 4269 Conieceram
1226 4233 1337 4283 quoque:
1368 4220 1472 4267 Erravit
1494 4226 1556 4268 cete·

427 4320 479 4352 rem
495 4305 533 4352 ire
549 4317 634 4352 uerus.
668 4304 772 4352 Morbus
790 4305 824 4360 it,
840 4302 904 4358 abit,
920 4307 949 4348 ut
965 4302 1001 4348 ite
1017 4301 1122 4354 delores,
1140 4300 1188 4347 iia
1205 4301 1299 4348 malum
1315 4313 1424 4356 erucem,
1436 4297 1492 4348 alia.
1514 4300 1556 4348 In.

427 4384 546 4442 finitiv0s‚
564 4383 643 4447 qualis
660 4384 749 4433 3313311
764 4385 813 4444 tre,
830 4384 917 4447 politae
932 4386 1025 4430 amant.
1058 4378 1241 4429 Horatcarm.
1255 4377 1393 4428 LXXIII.
1407 4379 1445 4428 10.
1475 4381 1558 4442 Atqui

426 4480 475 4513 333
491 4479 532 4526 epo
549 4470 585 4520 te,
603 4466 676 4526 tipris
692 4470 723 4513 ut
739 4480 831 4527 erpere
867 4465 1021 4512 Gaetulusue
1037 4463 1073 4509 leo
1084 4460 1207 4524 sruupere
1220 4475 1362 4524 persequer.

475 4543 505 4592 P.
525 4545 579 4592 112.
614 4546 730 4593 Barbam
752 4547 897 4607 sapientem.
930 4544 989 4593 Non
1016 4547 1117 4605 apparet
1144 4541 1202 4604 quid
1231 4540 1416 4590 commentator
1441 4538 1556 4587 voluerit.

426 4623 566 4685 Porphyrio
582 4625 697 4672 disertius
714 4624 860 4674 declaravit:
879 4622 1053 4687 „Sapientem
1079 4636 1128 4671 non
1150 4621 1220 4684 quasi
1242 4622 1323 4685 ipsum
1340 4617 1490 4682 sapientem,
1512 4617 1556 4666 sed

427 4701 527 4750 barbam
544 4705 704 4766 sapientem.“
