3750 5759
790 647 973 713 LIBER
1020 649 1043 712 l.

764 873 982 939 SATIRA
1028 875 1066 940 V.

433 1027 616 1127 Egressum
642 1062 764 1126 magna
787 1063 839 1106 me
862 1041 991 1126 excepit
1013 1041 1125 1106 Aricia
1149 1042 1254 1108 Roma

389 1145 544 1230 Hospitio
568 1144 714 1209 modico:
739 1145 848 1209 rhetor
871 1166 979 1210 comes
1005 1145 1218 1229 Heliodorus,

388 1249 586 1316 Graecorum
609 1248 707 1334 longe
732 1247 952 1314 doctissimus.
1000 1249 1081 1314 Inde
1104 1248 1212 1336 forum
1235 1251 1343 1336 Appi,

387 1352 563 1418 Differtum
587 1351 715 1435 nautis,
741 1352 943 1437 cauponibus
968 1357 1066 1437 atque
1089 1353 1254 1439 malignis.

386 1457 459 1522 Hoc
483 1455 546 1521 iter
569 1455 681 1540 ignavi
706 1454 896 1538 divisimus,
921 1455 1022 1522 altius
1046 1478 1166 1522 aenos

385 1559 586 1627 Praecinctis
610 1581 723 1626 unum.
773 1558 884 1626 Minus
909 1565 961 1626 est
982 1561 1092 1646 gravis
1116 1561 1226 1647 Appia
1249 1563 1361 1628 tardis.

384 1665 450 1731 Hic
474 1686 535 1751 ego
558 1670 691 1751 propter
713 1687 850 1750 aquam,
875 1665 962 1751 quod
986 1671 1056 1731 erat
1080 1666 1270 1752 deterrima,
1295 1669 1402 1734 ventri

385 1767 499 1833 Indico
523 1767 668 1850 bellum,
694 1773 867 1833 coenantes
891 1769 981 1834 haud
1004 1769 1115 1834 animo
1139 1792 1241 1857 aequo

384 1872 590 1957 Exspectans
614 1870 760 1937 comites.
809 1872 881 1936 iam
905 1894 972 1937 nox
995 1871 1150 1939 inducere
1174 1873 1267 1939 terris

384 1976 525 2042 Umbras
550 1981 584 2041 et
606 1976 695 2041 coelo
719 1975 902 2041 diffundere
926 1977 1023 2062 signa
1046 1979 1200 2063 parabat.

382 2080 464 2144 Tum
486 2079 580 2166 pueri
602 2080 731 2164 nautis,
755 2080 864 2166 pueris
889 2081 1036 2148 convicia
1058 2087 1178 2147 nautae

382 2183 550 2269 Ingerere:
576 2184 677 2267 „Huc
701 2185 845 2271 appelle!
891 2185 1063 2251 Ibecentos
1087 2185 1220 2252 inserisl
1267 2185 1338 2252 Ohe

382 2287 453 2352 Iam
477 2286 559 2353 satis
583 2288 675 2354 0011α
723 2288 813 2353 Dum
838 2310 892 2354 aes
917 2288 1079 2374 exigitur,
1106 2289 1185 2355 dum
1208 2289 1300 2356 mula
1322 2289 1461 2376 ligatur,

380 2391 462 2456 Tota
485 2391 556 2456 abit
577 2393 674 2456 hora:
699 2391 780 2456 mali
804 2391 925 2458 culices
949 2414 1111 2478 ranaeque
1132 2392 1296 2478 palustres

379 2494 546 2560 Avertunt
569 2517 721 2575 somnos3
746 2496 918 2562 absentem
940 2501 980 2561 ut
1003 2501 1115 2563 cantat
1138 2497 1278 2564 amicam

380 2599 489 2664 Multa
511 2601 663 2686 prolutus
686 2622 795 2686 vappa
818 2607 921 2667 nauta
944 2605 1043 2687 atque
1065 2600 1171 2667 viator

381 2702 549 2770 Certatim.
596 2705 741 2770 Tandem
763 2704 871 2771 fessus
895 2705 1036 2772 dormire
1059 2706 1166 2772 viator

380 2805 517 2893 Incipit,
542 2829 579 2873 ac
602 2807 724 2874 missae
746 2812 882 2893 pastum
903 2808 1086 2874 retinacula
1107 2809 1217 2875 mulae

378 2909 489 2976 Nauta
510 2911 604 2996 piger
627 2933 706 2976 saxo
729 2911 865 2998 religat,
891 2913 1065 2998 stertitque
1090 2913 1237 2998 supinus.

379 3014 514 3100 Iamque
538 3015 607 3081 dies
632 3016 761 3099 aderat,
785 3015 834 3080 nil
858 3039 961 3102 quum
983 3018 1154 3102 procedere
1177 3017 1311 3083 lintrem

380 3118 566 3203 Septimus,
591 3120 693 3185 donec
717 3120 903 3187 cerebrosus
926 3121 1059 3208 prosilit
1083 3144 1168 3188 uuus

377 3221 426 3288 Ac
449 3223 559 3288 mulae
582 3229 767 3310 nautaeque
790 3230 890 3311 caput
912 3226 1108 3312 lumbosque
1132 3212 1261 3312 saligno

378 3324 480 3392 Fuste
504 3327 614 3407 dolat;
639 3324 755 3414 quarta
776 3329 834 3395 vix
856 3330 990 3395 demum
1014 3330 1209 3416 exponimur
1232 3331 1319 3395 hora.

380 3427 445 3494 Ora
468 3453 652 3518 manusque
676 3439 734 3498 tua
757 3433 918 3517 lavimus,
944 3435 1101 3518 Feronia,
1125 3434 1269 3519 lympha.

379 3533 488 3598 Millia
512 3541 584 3599 tum
607 3536 719 3621 pransi
748 3536 812 3601 tria
834 3537 979 3622 repimus
1005 3541 1103 3622 atque
1127 3536 1275 3602 subimus

377 3637 577 3722 Impositum
601 3639 689 3705 saxis
713 3641 780 3704 late
803 3639 1019 3705 candentibus
1043 3640 1168 3704 Anxur.

377 3740 452 3807 Huc
475 3746 633 3808 venturus
657 3748 728 3809 erat
751 3744 923 3810 Maecenas
949 3743 1093 3831 optimus
1117 3750 1216 3829 atque

505 3970 643 4022 SATIRA
671 3972 697 4019 V
920 3942 1001 4008 Oulig.
1028 3946 1068 3994 50.
1111 3946 1229 3994 Horatius
1258 3944 1340 3992 minus
1369 3943 1471 3993 obscure

700 4010 705 4020 ’
919 4025 1068 4088 scripsisset:
1089 4031 1279 4087 tumentemque
1302 4025 1372 4072 haud
1388 4027 1472 4073 aalma

367 4066 522 4156 Ooeaaates
539 4105 610 4152 11111111
625 4105 799 4164 animoseque
823 4103 878 4150 Ea·-
919 4119 997 4166 aequo
1015 4106 1142 4166 Exspecto
1158 4105 1279 4154 comitem.

333 4186 447 4244 spectans
471 4184 581 4231 comites.
622 4183 685 4230 Erat
714 4196 777 4230 unus
801 4197 880 4230 eomes
955 4183 1089 4232 Absentem
1114 4188 1144 4231 ut
1169 4188 1259 4231 cantat
1284 4183 1399 4231 anticam.
1439 4180 1471 4228 In

333 4259 487 4310 Heliodorus.
527 4261 624 4310 Suntne
645 4256 760 4318 comites,
788 4261 831 4324 qui
853 4263 880 4309 in
919 4262 1004 4311 multis
1030 4263 1107 4313 MSS.
1134 4263 1241 4325 legitur:
1267 4263 1392 4310 abacelam
1412 4275 1471 4310 eou-

333 4341 415 4389 eadem
432 4341 494 4389 navi
510 4342 610 4390 Fanum
626 4341 880 4404 Feroniaeproficisci
920 4347 962 4390 tat
990 4344 1104 4392 amicum.
1141 4343 1196 4391 Hoc
1224 4354 1271 4402 ego
1299 4339 1388 4388 melius
1417 4353 1470 4387 esse

333 4419 486 4482 cogitabant?
521 4419 611 4469 Servos
632 4420 732 4482 quidem
752 4421 819 4469 haud
836 4413 880 4468 diu
920 4422 1010 4470 iudico.
1044 4419 1131 4470 Oratio
1159 4435 1202 4483 per
1230 4420 1349 4481 asyndeta
1365 4418 1476 4486 celerius⁴

333 4499 416 4548 mimo
432 4500 517 4563 iniquo
534 4507 711 4563 exspectasset:
734 4506 880 4563 exspectare
919 4500 1036 4563 procedit.

333 4580 396 4628 enim
418 4581 544 4644 signifieat
568 4581 702 4630 identidem
727 4581 878 4645 prospicere,
954 4579 1105 4630 Doderlmus
1127 4580 1192 4628 idem
1214 4586 1310 4638 censet,
1328 4587 1401 4643 atquc
1419 4581 1469 4628 edi·

333 4674 362 4706 111
390 4661 511 4709 venirent.
537 4677 560 4709 v.
591 4660 691 4709 Ruhnk.
718 4662 749 4708 ad
775 4660 877 4710 Sueten.
920 4662 956 4708 dit
977 4663 1100 4710 absentem
1117 4664 1206 4708 cuntot
1223 4661 1337 4709 0111111111.

1314 4742 1335 4802 4
