3750 5759
760 662 1105 732 SATIRARUM

412 859 583 946 Crispinus
607 856 745 920 minimo
769 877 821 919 me
844 858 1018 939 provocat:
1053 848 1216 935 „Accipe,
1242 845 1270 912 si
1295 845 1362 922 vis3

411 963 581 1050 Accipiam
606 959 751 1037 tabulas3
777 959 871 1024 detur
895 956 989 1022 nobis
1013 956 1120 1037 locus,
1144 953 1238 1035 hora,

412 1066 589 1142 Custodes3
613 1063 782 1128 videamus
790 1109 799 1144 ,
823 1066 897 1126 uter
919 1059 995 1144 plus
1020 1057 1158 1124 seribere
1181 1053 1322 1141 possit.“

414 1172 457 1235 Di
481 1168 749 1247 benefecerunt,
774 1163 880 1249 inopis
905 1184 958 1226 me
982 1160 1132 1246 quodque
1154 1157 1269 1244 pusilli

414 1274 597 1338 Finxernnt
620 1268 741 1351 animi,
765 1289 836 1332 raro
860 1271 894 1330 ct
920 1286 1083 1350 perpauca
1104 1259 1279 1348 loquentis.

414 1381 461 1442 nt
485 1384 522 1442 tu
545 1373 715 1440 conclusas
739 1369 873 1436 hircinis
897 1368 1037 1434 follibus
1062 1388 1157 1433 auras

414 1481 527 1565 Usque
550 1478 755 1557 laborantes,
780 1474 860 1539 dum
883 1472 1005 1538 ferrum
1029 1470 1160 1537 molliat
1185 1468 1288 1554 ignis,

416 1583 464 1649 Ut
487 1581 611 1663 mavis,
636 1578 774 1643 imitare.
824 1576 951 1642 Beatus·
971 1574 1118 1640 Fannius
1143 1572 1229 1638 ultro

416 1685 543 1751 Delatis
568 1682 675 1769 capsis
698 1688 732 1746 et
754 1679 915 1766 imagine,
941 1701 1042 1766 quum
1065 1701 1139 1743 mea
1162 1697 1257 1742 nemo

371 1827 456 1881 dunt,
482 1839 560 1886 neque
581 1837 611 1872 eu
635 1821 781 1883 quisquam,
805 1819 856 1866 nisi
875 1819 919 1866 diu

374 1905 531 1965 multumque
541 1900 714 1964 scriptitarit,
730 1899 808 1947 etium
819 1898 842 1944 ri
852 1897 920 1945 cehe·

373 1983 527 2030 inertissime
548 1995 575 2030 se
596 1981 624 2027 in
640 1979 679 2026 bis
695 1978 787 2025 subitis
804 1976 919 2025 dictioni·

374 2064 420 2110 bus
445 2060 598 2115 esercuerit,
624 2061 794 2119 consequetur.
834 2053 921 2103 Cicero

375 2140 453 2202 igitur
469 2138 541 2186 valde
558 2140 705 2186 sacrabatur
721 2143 750 2183 ut
767 2136 822 2199 quis
833 2134 921 2182 scribe-

374 2226 412 2268 ret
430 2221 549 2274 inultum,
572 2216 691 2265 Horatius
713 2218 750 2264 nit
767 2217 922 2264 irrorabatur.

375 2299 410 2347 Et
431 2305 515 2345 tamen
537 2294 681 2345 Ciceronem
703 2295 836 2358 diligenter
856 2293 922 2356 lege·

374 2376 429 2433 bat,
447 2389 554 2439 eumque
570 2390 654 2438 saepe,
676 2389 733 2422 cum
750 2374 804 2432 hic,
826 2372 922 2420 tamin

376 2453 431 2501 aliis
447 2453 519 2511 locis,
536 2453 653 2502 imitatur.
676 2452 788 2516 Scripsit,
799 2453 825 2501 ni
837 2453 923 2500 fallor:

376 2549 436 2581 narn
453 2539 482 2580 ut
499 2535 594 2589 inulta,
611 2535 677 2582 nibil
694 2549 783 2583 moror.
807 2534 924 2582 Fortasse

377 2620 401 2660 et
418 2610 604 2661 Commentator
621 2612 657 2660 sie
674 2612 748 2660 vidit:
767 2612 841 2671 „Non
857 2611 924 2659 labo

377 2699 416 2739 rat
436 2697 465 2738 nt
485 2698 552 2739 recte
573 2691 702 2751 scriberet,
724 2692 766 2740 sed
789 2698 817 2738 nt
837 2689 923 2738 multa.

378 2769 451 2830 Quod
467 2784 519 2818 non
535 2784 601 2833 nego
616 2784 697 2834 neque
709 2769 817 2818 diffiteor
828 2769 925 2818 facilem

379 2851 406 2911 (l.
412 2851 504 2914 facile)
517 2850 606 2910 fuisse,
616 2851 660 2899 sed
670 2864 721 2898 non
732 2850 832 2913 prob0.“
849 2849 926 2899 Recte

371 2930 477 2993 facilem
502 2931 528 2978 in
544 2928 637 2978 scholio
658 2930 777 2978 Acronis:
799 2929 882 2988 „Nam
900 2929 926 2976 in

378 3009 485 3057 multum
502 3010 630 3058 scribendo
646 3023 697 3056 non
709 3007 814 3056 diffiteor
830 3007 926 3057 facilem

379 3087 479 3136 misser
495 3102 584 3151 nempe
600 3087 733 3137 Lucilium.

416 3166 553 3228 Crispinus
569 3169 671 3216 sicinina]
686 3184 725 3215 rae
732 3173 861 3230 provocat.
879 3168 926 3216 Lo-

379 3259 423 3293 cus
440 3244 556 3294 difficilis.
589 3246 677 3296 Heins.
690 3246 833 3295 coniiciebat
846 3248 926 3295 ruinis.

380 3324 453 3384 Quod
469 3326 592 3386 quomodo
607 3325 713 3389 intelligi
724 3326 812 3385 vellet,
828 3341 878 3374 non
889 3341 926 3374 sa-

380 3403 412 3452 tis
429 3404 556 3467 perspicio.
589 3404 716 3454 Bentleius
733 3405 847 3469 putabat,
870 3422 927 3456 cum

380 3483 433 3531 risu
455 3490 480 3530 et
496 3489 620 3531 mntemtu
637 3491 662 3532 et
679 3485 865 3548 gesticulatione
882 3489 927 3534 nei-

381 3564 452 3611 miea.
480 3562 537 3625 Ipse
553 3563 615 3626 legit
630 3580 731 3614 numina
748 3582 785 3613 rue
800 3572 928 3628 prouocat,

380 3642 451 3704 qnasi
481 3655 574 3704 egenus
604 3649 628 3690 et
647 3645 787 3703 mendicus,
813 3646 856 3708 qui
877 3660 928 3694 non

381 3721 475 3769 maiore
500 3722 617 3784 pignore,
641 3737 716 3784 quam
741 3739 792 3772 uno
814 3741 927 3786 nunnus,

381 3806 476 3848 certare
495 3799 609 3848 voluerit.
644 3801 724 3862 Quem
749 3805 868 3852 Horatius
893 3805 928 3852 sic

382 3885 557 3940 provocantem
579 3880 706 3937 describit,
723 3881 779 3940 ille,
795 3884 881 3941 credo,
897 3884 928 3931 de

382 3956 485 4005 victoria
502 3972 551 4005 non
568 3959 675 4017 dubitat,
692 3966 716 4008 et
733 3970 876 4023 provocaret
887 3978 928 4026 po-

382 4035 431 4082 tius
452 4050 544 4098 magna
565 4038 682 4099 pecuniae
703 4053 807 4088 summa.
841 4042 928 4105 Neque

383 4113 513 4179 Crispinus
531 4124 584 4166 erat
594 4125 646 4166 tam
658 4133 764 4182 egenus,
781 4120 824 4183 qui
834 4121 874 4170 rel
885 4123 927 4171 ha·

383 4194 451 4244 beret
472 4197 614 4255 ianitorem,
640 4205 668 4246 ut
688 4206 726 4246 est
747 4199 773 4247 in
790 4200 873 4250 Satira
889 4203 927 4251 II.

384 4289 432 4323 vn.
450 4277 490 4324 95.
523 4277 657 4325 Horkelius
669 4285 759 4326 tentat:
777 4295 879 4330 nurnero
891 4298 928 4331 ine

382 4362 513 4415 prouocat,
537 4356 584 4404 hoc
609 4364 645 4405 est
670 4372 786 4407 versuum
812 4375 927 4418 numero,

384 4446 434 4480 non
449 4433 557 4483 bonitate
573 4436 723 4498 superiorem
740 4438 791 4486 fore
807 4441 927 4503 sperabat.

385 4510 533 4573 Eleganter,
559 4514 676 4564 dicerem:
705 4525 730 4565 ct
757 4519 792 4566 sic
820 4520 927 4569 Plautus

386 4592 462 4640 Stich.
474 4594 509 4641 V.
523 4608 570 4642 vn.
585 4597 606 4643 l.
644 4599 695 4655 Qui
712 4600 814 4647 Ionicus
831 4608 878 4649 urit
895 4603 928 4651 ci·

385 4673 513 4730 venedicus,
534 4676 578 4734 qai
597 4676 640 4724 boc
657 4677 708 4725 tale
718 4677 807 4737 seruere
821 4681 932 4742 possiet?

962 1816 992 1865 Si
1008 1819 1071 1867 istoc
1087 1832 1125 1864 me
1137 1829 1211 1864 ausu
1222 1813 1322 1871 rueris
1340 1811 1391 1860 alio
1403 1825 1440 1858 me
1448 1823 1504 1871 pro·

961 1902 1055 1946 uocato.
1089 1894 1138 1944 Sed
1155 1892 1282 1958 sperabat,
1298 1891 1379 1948 eredo,
1391 1901 1504 1952 provoca·

962 1980 1013 2034 tor,
1035 1990 1061 2024 se
1083 1989 1200 2023 versuum
1219 1987 1316 2038 quoqne
1333 1971 1442 2020 bonitate
1457 1969 1505 2017 fore

962 2055 1129 2118 superiorem:
1154 2055 1219 2118 quod
1245 2060 1327 2102 autern
1354 2050 1505 2099 coniecturae

962 2133 1043 2197 magis
1060 2133 1151 2192 obstat,
1168 2134 1214 2182 hoc
1226 2140 1275 2181 est:
1294 2131 1426 2194 Crispinus
1438 2127 1506 2176 dicit:

963 2215 1091 2262 uideamur
1119 2219 1177 2262 uter
1203 2214 1263 2274 plur
1290 2213 1398 2260 acribm
1424 2208 1505 2272 parat.

963 2292 1030 2341 Hinc
1051 2308 1153 2342 nupsero
1171 2305 1350 2354 supervacuum
1367 2296 1412 2338 est.
1445 2285 1507 2336 Mihi

963 2373 990 2420 in
1015 2379 1124 2421 mentem
1149 2373 1230 2421 venit:
1254 2372 1370 2434 Crispini
1392 2370 1507 2418 minimus

965 2469 1002 2501 rue
1013 2459 1140 2514 provocat.
1163 2451 1242 2501 Filius
1256 2449 1380 2512 Crispini,
1394 2455 1455 2497 natu
1466 2447 1508 2495 mi·

965 2534 1055 2581 nimus.
1097 2533 1156 2582 Non
1180 2545 1240 2580 rero
1266 2528 1346 2578 simile
1373 2536 1411 2577 est
1430 2528 1508 2591 ipsum

964 2620 1059 2676 patrem
1080 2612 1239 2676 Crispinum,
1265 2611 1325 2659 adeo
1343 2608 1509 2672 philosophiae

965 2694 1085 2753 deditum,
1092 2706 1250 2757 quamquam,
1260 2697 1288 2739 ut
1297 2688 1449 2740 Scholiastae
1456 2699 1510 2735 nar·

965 2779 1034 2830 rant,
1059 2773 1245 2836 Philosophiam
1271 2771 1379 2821 Stoicam
1402 2766 1510 2816 versibus

966 2852 1140 2915 explicaverit,
1157 2851 1231 2900 simul
1247 2856 1343 2899 tantam
1357 2847 1394 2897 rei
1404 2846 1512 2910 poiticae

966 2946 1066 2996 operam
1084 2933 1192 2990 dedisse,
1214 2939 1242 2979 ut
1264 2931 1363 2993 poitam
1382 2940 1512 2991 provocare

967 3013 1081 3071 auderet,
1099 3020 1155 3061 uter
1171 3011 1253 3060 subito
1263 2999 1349 3073 plures
1358 3022 1446 3056 versus
1456 3006 1511 3056 scri·

967 3092 1024 3141 bere
1040 3099 1129 3156 posset.
1161 3090 1281 3142 Horatius
1298 3103 1356 3137 cum
1372 3088 1413 3136 hic
1429 3087 1512 3136 irridet

968 3173 994 3220 in
1018 3172 1083 3229 filio,
1109 3172 1210 3219 iuventa
1234 3168 1325 3227 calido,
1350 3173 1375 3216 et
1400 3167 1511 3230 spiritum

968 3251 1069 3300 hircinis
1086 3249 1185 3298 follibus
1202 3248 1309 3297 efflante.
1326 3248 1403 3297 Pater
1415 3246 1512 3295 omuino

969 3337 1022 3379 erat
1042 3329 1117 3378 homo
1139 3329 1251 3392 ineptus,
1273 3326 1316 3390 qui
1334 3325 1434 3374 laudern
1450 3326 1513 3375 docti

968 3411 1043 3460 stulte
1059 3410 1192 3459 affectaret.
1225 3407 1339 3457 Habebat
1350 3413 1375 3455 et
1386 3407 1512 3456 ianitorem

968 3491 1155 3555 philosophum,
1176 3496 1213 3547 et,
1234 3488 1276 3549 (cx
1292 3501 1349 3536 mea
1364 3487 1512 3549 coniectura)

969 3569 1049 3618 filium
1059 3570 1172 3632 poetam,
1183 3581 1275 3614 vanum
1289 3571 1313 3614 et
1325 3565 1456 3614 iactantiae
1467 3565 1513 3630 ple

969 3664 1039 3697 num.
1072 3648 1183 3698 Genitivi
1199 3660 1258 3695 usus
1276 3647 1303 3694 in
1318 3645 1410 3694 talibus
1422 3652 1460 3695 est
1470 3645 1514 3694 fre·

969 3743 1061 3792 quens,
1084 3736 1112 3775 ut
1135 3726 1175 3774 vel
1191 3727 1256 3789 apud
1273 3725 1408 3774 Horatium
1425 3727 1514 3775 Notio·

969 3823 1027 3855 rnm
1044 3808 1138 3864 minor,
1149 3805 1238 3864 frater3
1253 3805 1389 3866 Crispinus
1402 3804 1515 3866 Crispini

969 3893 997 3933 ut
1016 3887 1146 3934 Asdrubal
1165 3887 1332 3934 Hamilcaris.
1364 3884 1433 3933 Vide
1455 3884 1514 3934 Gro

969 3980 1026 4015 nov.
1044 3966 1075 4012 ad
1092 3964 1149 4013 Liv.
1165 3963 1297 4014 XXVIII.
1312 3965 1350 4013 12.
1367 3970 1392 4012 et
1404 3962 1514 4013 Oudend.

970 4047 1001 4093 ad
1020 4045 1120 4095 Sueten.
1139 4043 1239 4092 Caesar.
1256 4045 1279 4092 4.

1003 4125 1154 4174 Doderlinus
1167 4125 1331 4173 coniecturam
1349 4124 1465 4174 Horkelii
1479 4138 1513 4172 re-

969 4207 1041 4270 cepit.

1003 4287 1089 4334 Detur
1105 4288 1176 4335 trabis
1193 4289 1272 4343 locus,
1289 4287 1358 4333 liora.
1395 4284 1514 4348 Loquitur

970 4379 1038 4413 more
1051 4367 1250 4427 provocantium,
1268 4376 1325 4412 cum
1336 4363 1435 4412 fiducia.
1457 4363 1514 4412 Plu·

970 4445 1047 4494 tarch.
1064 4445 1091 4491 in
1108 4445 1190 4494 Mario
1206 4446 1248 4494 25.
1281 4442 1384 4492 Baiorix
1403 4459 1512 4505 arpocra-

970 4524 1038 4572 λεῖτο
1053 4524 1099 4572 τὸν
1110 4523 1212 4588 Μάριον
1227 4521 1323 4587 ἡμέραν
1338 4521 1461 4587 ὁρίσαντα
1475 4521 1514 4570 καὶ

970 4603 1051 4653 τόπον
1080 4604 1214 4667 προελθεῖν
1243 4603 1282 4652 καὶ
1318 4600 1515 4666 διαγωνίσασθαι

971 4683 1025 4745 περὶ
1044 4686 1090 4742 τῆς
1106 4682 1200 4746 χώρας,
