3750 5759
367 691 430 754 130
757 685 1105 751 SATIRARUM

415 876 474 938 Dis
499 874 619 939 etenim
643 873 738 938 facile
762 876 839 937 est“
873 873 999 936 orabat:
1032 894 1129 937 sanus
1154 872 1301 958 utrisque

414 979 556 1044 Auribus
581 985 677 1063 atque
701 976 823 1058 oeulis,
847 981 991 1040 mentem
1014 976 1080 1041 nisi
1102 974 1267 1060 litigiosus

414 1082 587 1167 Exciperet
619 1081 788 1162 dominus,
820 1101 920 1165 quum
949 1079 1111 1144 venderet.
1138 1079 1208 1143 Hoc
1231 1099 1360 1164 quoque
1384 1077 1510 1162 vulgus

413 1185 614 1270 Chrysippus
637 1183 733 1270 ponit
755 1182 915 1247 foecunda
937 1182 1087 1266 ingente
1111 1182 1252 1246 Meneni.

415 1289 581 1374 „Iupiter,
606 1289 755 1374 ingentes
780 1288 836 1373 qui
865 1287 921 1351 das
946 1286 1129 1371 adimisque
1152 1285 1321 1350 doloresl“

414 1394 519 1458 Mater
542 1393 589 1458 ait
611 1393 703 1478 pueri
727 1414 855 1456 menses
879 1391 946 1455 iam
971 1391 1112 1476 quinque
1135 1388 1310 1471 cubantis,

416 1497 574 1582 „Frigida
598 1498 627 1562 si
649 1518 786 1581 puerum
810 1500 969 1581 quartana
992 1494 1174 1579 reliquerit,
1199 1493 1256 1558 illo

413 1603 509 1666 Mane
532 1601 604 1684 die,
630 1622 693 1686 quo
717 1606 753 1664 tu
776 1598 894 1663 indicis
917 1598 1055 1679 ieiunia,
1080 1598 1187 1662 nudus

415 1706 454 1769 ln
477 1705 583 1769 Tiberi
608 1703 744 1769 stabit.“
793 1703 896 1768 Casus
920 1702 1107 1768 medicusve
1130 1701 1246 1766 levarit

412 1810 559 1893 Aegrum
581 1830 622 1872 ex
644 1806 833 1892 praecipiti,
858 1812 963 1871 mater
986 1805 1088 1891 delira
1111 1804 1241 1870 necabit

414 1912 454 1975 ln
477 1911 587 1996 gelida
609 1911 713 1975 fixum
736 1911 825 1996 ripa,
849 1910 1031 1996 febrimque
1053 1910 1200 1987 reducet3

415 2015 528 2094 Quone
551 2015 638 2079 malo
662 2022 805 2079 mentem
829 2015 1006 2079 concussa?
1029 2013 1145 2078 timore
1169 2012 1311 2076 deorum.

414 2119 504 2183 Haec
526 2119 609 2183 mihi
634 2118 828 2200 Stertinius,
853 2117 1040 2203 sapientum
1064 2124 1217 2200 octavus,
1242 2116 1348 2181 amieo

413 2224 516 2287 Arma
538 2223 644 2306 dedit,
669 2223 806 2308 posthac
829 2244 869 2286 ne
893 2222 1103 2306 compellerer
1125 2221 1261 2285 inultus.

415 2326 545 2391 Dixerit
568 2327 720 2392 insanum
744 2327 801 2412 qui
823 2349 892 2409 mc,
916 2325 1055 2391 totidem
1079 2325 1189 2390 audiet
1212 2330 1310 2409 atque

368 2479 529 2527 estLueian.
545 2478 638 2541 Navig.
655 2480 696 2528 28.
714 2479 800 2536 ἀλλὰ,
817 2478 910 2528 divae·
952 2478 991 2525 lus
1014 2478 1099 2536 homo,
1125 2476 1194 2525 vobis
1218 2489 1269 2524 non
1290 2475 1505 2532 adnumeremus,

369 2576 410 2606 ται
427 2560 475 2623 γὰρ
488 2559 595 2607 ἅπαντα
612 2558 636 2607 oi
652 2558 716 2621 troi,
737 2559 778 2607 καὶ
794 2559 826 2607 τὰ
842 2555 910 2622 μέγι·
953 2556 1107 2606 Corumbum
1132 2569 1182 2603 non
1207 2554 1361 2618 appellamus
1384 2561 1505 2603 octavum

280 2641 282 2647 '
369 2654 416 2686 στα
425 2639 489 2686 εἶναι
505 2637 644 2698 δοκοῦντα,
661 2636 723 2686 αἰτῶ
740 2637 771 2696 δὴ
787 2637 912 2699 βασιλεὺς
953 2639 1106 2701 sapientum,
1123 2650 1154 2683 ne
1172 2636 1224 2682 ioco
1241 2635 1350 2697 quidem.

369 2714 493 2780 γενέσθαι,
527 2717 612 2765 Unum
637 2716 738 2773 orabat,
763 2723 791 2764 ut
815 2715 911 2778 Virgil.
985 2718 1093 2766 Dixerit
1117 2719 1236 2764 toronum
1252 2717 1297 2778 qui
1314 2730 1371 2774 me,
1396 2717 1503 2764 totidem

368 2795 435 2844 Aen.
452 2795 500 2844 VI.
515 2797 569 2845 106.
602 2798 688 2844 Uram
704 2811 754 2844 oro.
787 2794 829 2842 IX
845 2795 911 2843 Aen.
952 2799 1046 2846 audiet.
1079 2795 1130 2856 Qui
1145 2809 1186 2844 me
1207 2795 1297 2843 dixerit
1314 2795 1446 2853 insanum,
1464 2801 1503 2843 tot

368 2876 424 2924 283.
455 2877 490 2924 Te
513 2876 696 2937 superomnia
719 2877 785 2922 dona
825 2875 911 2922 Unum
953 2876 1043 2924 audiet.
1061 2874 1142 2935 Quid?
1160 2875 1501 2937 Interpretanturquoties—

369 2971 421 3004 oro.
446 2955 562 3003 Addebat
578 2954 691 3017 precibus
708 2952 911 3002 hocbeneficium
952 2957 1034 3011 toties,
1051 2957 1173 3016 11111-
1199 2955 1257 3002 tale.
1284 2953 1401 3016 Semper,
1425 2960 1501 3016 puto,

369 3033 391 3080 si
407 3039 582 3095 praestaretur,
599 3032 910 3096 sibiforetammagnum.
952 3033 1106 3082 desideratur
1131 3032 1325 3081 substantivum,
1360 3032 1428 3093 Quid
1445 3047 1499 3081 sen·

370 3111 692 3161 AddensutSatir.I.11.
712 3113 766 3160 105.
791 3115 912 3176 Leporem
952 3113 1029 3161 tentia
1045 3113 1160 3175 postulet,
1177 3127 1227 3161 non
1243 3111 1310 3160 latet.
1337 3111 1388 3173 Qui
1404 3126 1446 3160 me
1462 3112 1498 3160 in-

370 3196 474 3239 oeaotor
499 3197 529 3239 at
558 3193 614 3239 otta
657 3193 692 3239 In
717 3193 774 3240 niee
797 3197 912 3251 sectetur,
952 3207 1041 3240 sanum
1066 3192 1171 3248 dixerit,
1196 3194 1263 3241 hune
1288 3194 1374 3241 eodem
1399 3194 1497 3242 nomina

367 3272 478 3332 positum
498 3272 534 3318 sio
557 3276 659 3333 torpere
684 3272 763 3330 notit,
798 3270 911 3330 Gestat,
952 3271 1109 3334 compellabo.
1145 3272 1196 3320 Par
1218 3273 1273 3335 pari
1290 3271 1405 3322 referam.
1438 3272 1496 3323 For·

370 3356 395 3397 et
412 3350 524 3412 apponit:
541 3365 609 3399 mear
619 3357 657 3399 est
668 3365 739 3399 amor
749 3353 911 3400 1111111111ὶὶ1.
952 3358 1017 3399 tasse
1032 3350 1153 3399 Horatius
1170 3352 1279 3414 scripsit:
1302 3355 1412 3401 Dixerit
1431 3355 1495 3400 insa-

405 3433 555 3493 Sopieatum
572 3437 681 3480 octovas.
708 3432 741 3480 In
757 3430 833 3481 MSS.
850 3432 911 3480 Por·

370 3510 498 3573 phyrionis
515 3508 629 3572 Paulyus
645 3512 750 3560 invenit:
770 3512 911 3559 ΕΠΤΑΟΟ-

370 3593 911 3638 (1³0IXAIPETAITONOYKATAOONOHI·

372 3672 863 3718 KOPYBONOUOYNAPIHMEOMEN.

370 3748 480 3797 Versum
501 3760 554 3794 esse
574 3761 647 3794 nemo
667 3747 794 3796 dubitabit.
819 3747 909 3796 Effeci:

366 3823 454 3873 '‘Eura
470 3828 544 3888 σοφοὶ
561 3827 682 3891 χαίροιτε.
697 3828 799 3877 rivorio
813 3827 912 3893 ἀγαθὸν

370 3904 395 3952 δὲ
413 3902 552 3967 Κόρυμβον
568 3905 597 3953 οὐ
615 3905 819 3970 συναριθμέομεν.
853 3906 911 3957 Sive

369 3983 402 4031 sit
412 3983 576 4046 Epigramma
586 3991 663 4032 metro
675 3985 774 4033 heroico
784 3999 840 4033 cum
852 4001 911 4049 pen-

370 4063 491 4110 temimeri
507 4062 615 4120 heroica,
633 4064 684 4112 sive
700 4065 820 4126 particula
835 4066 911 4114 maio-

371 4143 404 4190 ris
429 4142 551 4191 carminis.
590 4142 704 4191 Fortasse
727 4142 911 4194 commentator

371 4222 436 4271 idem
463 4229 521 4270 ante
546 4222 628 4271 oeulos
653 4223 768 4281 habebat,
791 4223 910 4272 scribens:

370 4309 479 4364 „septem
489 4302 557 4349 fuere
565 4302 686 4364 sapientes
695 4302 821 4352 Graeciae.
837 4304 912 4352 Hune

371 4381 516 4431 Stertinium
529 4381 688 4441 adnumerat,
705 4380 775 4445 quasi
787 4388 910 4443 octavum,

370 4460 500 4508 ludend0.“
512 4459 553 4508 Sic
564 4468 648 4510 auctor
657 4460 746 4509 Graeci
755 4475 840 4510 versus
851 4464 912 4526 Epi·

372 4555 485 4602 gramma
506 4541 639 4602 sooptioum
664 4541 691 4588 in
708 4540 860 4590 Corumbum
877 4543 911 4590 11-

372 4620 417 4667 cit:
434 4619 526 4667 salvete
542 4620 602 4668 mihi
620 4635 678 4678 vos,
689 4627 806 4683 oseptem
818 4623 912 4686 sapien-

371 4708 415 4749 tes.
449 4698 602 4747 Corumbum
620 4705 710 4755 autem,
727 4714 805 4760 quum
819 4701 850 4748 sit
861 4716 912 4748 ma-

952 3446 1012 3478 rtum
1029 3432 1230 3492 permeatorem
1244 3433 1309 3479 idem
1321 3434 1416 3480 audiet.
1433 3432 1494 3482 Ver·

952 3523 995 3556 sus
1011 3509 1110 3571 quidem
1131 3510 1198 3557 haud
1219 3508 1320 3572 pulchre
1341 3511 1443 3574 pedibus
1460 3513 1494 3560 in·

952 3589 1052 3645 cedens,
1085 3589 1129 3637 sed
1156 3595 1225 3637 tanto
1249 3590 1339 3638 melior
1368 3590 1492 3639 sententia

951 3667 998 3724 Et,
1015 3667 1037 3714 si
1052 3668 1107 3730 quis
1124 3676 1237 3731 quaerat,
1254 3669 1357 3717 fortasse
1373 3669 1400 3716 in
1410 3669 1493 3735 Satiris

952 3754 976 3794 et
991 3747 1108 3811 Epistolis
1125 3749 1165 3797 hic
1184 3749 1234 3798 illic
1259 3750 1369 3798 inveniet
1397 3765 1492 3800 versum

951 3841 1001 3876 non
1018 3828 1163 3877 molliorem.
1186 3828 1289 3878 Mallius
1307 3837 1372 3879 erat:
1390 3833 1492 3882 Dixerit

950 3909 1066 3956 iasonem
1093 3911 1138 3971 qai
1162 3925 1216 3967 me,
1232 3915 1274 3957 sat
1299 3912 1364 3959 idem
1392 3914 1492 3969 euolat,

952 3987 1017 4037 Satis
1034 3988 1129 4046 audiet,
1143 4002 1226 4051 saepe,
1239 3988 1346 4051 saepius,
1355 4004 1432 4052 quam
1440 4005 1491 4054 gre·

951 4073 1006 4114 tum
1038 4067 1090 4126 erit,
1117 4067 1208 4117 audiet.
1249 4069 1370 4117 Horatius
1401 4085 1492 4135 quoque

950 4147 1082 4209 potuisset:
1109 4149 1216 4197 Dixerit
1241 4151 1359 4199 insonum
1384 4168 1447 4215 quoe
1466 4153 1491 4199 ia

951 4243 996 4284 me,
1015 4229 1117 4276 totidem
1134 4229 1227 4277 audiet.
1262 4228 1334 4290 Quae
1351 4229 1401 4289 ille,
1419 4245 1491 4296 aquo

951 4307 1110 4370 compellatus
1127 4323 1196 4367 sum,
1217 4309 1244 4356 in
1261 4324 1300 4358 ma
1318 4310 1425 4372 dixerit,
1441 4312 1490 4361 toti·

951 4388 1008 4434 dem
1033 4402 1048 4434 a
1072 4402 1112 4436 me
1138 4389 1233 4437 audiet:
1259 4392 1287 4437 in
1310 4405 1349 4438 me
1364 4393 1489 4448 iasonem,

951 4471 1090 4529 tamquam,
1107 4473 1137 4515 ut
1161 4472 1293 4528 insontem,⁸
1320 4469 1440 4520 Horatius
1463 4475 1489 4518 at

951 4545 1092 4608 saepissime
1109 4547 1205 4596 omittit.
1240 4548 1345 4598 Dioerit
1367 4553 1395 4599 ia
1412 4568 1448 4601 me
1465 4542 1490 4597 ut

952 4622 1057 4672 Plautus
1074 4625 1173 4675 Cureul.
1191 4628 1269 4678 IV.1.
1284 4629 1321 4680 17.
1351 4631 1404 4690 Qut
1420 4631 1490 4680 atteri

953 4705 982 4753 de
1006 4707 1086 4755 nitito
1110 4709 1231 4758 audacter
1261 4709 1352 4759 dicum
1372 4717 1489 4760 emtione·
