3750 5759
435 729 476 790 24

806 717 1194 786 SATIRARUM.

478 911 532 975 Ad
555 910 639 975 talos
664 909 749 974 stola
771 909 931 990 demissa,
957 912 990 973 et
1013 906 1214 972 circumdata
1237 905 1342 992 palla:

480 1013 642 1097 Plurima,
667 1037 749 1100 quae
771 1012 942 1078 invideant
964 1033 1044 1096 pure
1066 1032 1219 1096 apparere
1243 1009 1304 1075 tibi
1327 1030 1404 1074 rem.

433 1170 561 1228 Varrone,
578 1167 766 1233 appellabantur
782 1165 911 1214 ribuarii.
928 1163 978 1211 Ne·

433 1250 533 1299 cessitas
549 1249 626 1313 igitur
641 1261 693 1296 non
709 1244 816 1293 iubebat.
849 1243 979 1299 Fortasse,

433 1331 521 1394 inquit,
538 1329 661 1392 elegantia
676 1327 794 1375 sermonis
811 1322 931 1372 suadebat
947 1325 979 1372 ci·

433 1409 551 1472 addenem
581 1421 626 1472 pro
655 1406 791 1456 cinerario.
833 1402 980 1465 Elegantia,

433 1495 506 1551 pute,
528 1488 554 1536 in
575 1489 622 1536 hac
643 1500 731 1534 caussa
753 1482 877 1540 cernitur,
899 1480 920 1528 si
937 1495 980 1529 no·

434 1583 493 1615 vum
516 1582 607 1616 nomen
626 1563 754 1630 pulchrius
776 1569 801 1612 et
824 1561 915 1610 clarius
938 1576 980 1623 ap-

433 1654 531 1711 pareat,
553 1661 629 1711 quam
650 1652 729 1695 vetus.
765 1641 860 1705 Cimflo
882 1655 908 1689 se
928 1654 980 1688 non

433 1729 468 1776 ita
484 1729 648 1777 commendat.
682 1725 709 1776 si
726 1724 811 1787 mahta
832 1720 909 1785 accipi
924 1734 980 1784 pos-

433 1808 465 1855 sit
481 1807 551 1870 quasi
568 1805 611 1870 qui
627 1805 654 1853 in
670 1806 778 1853 cinerem
789 1804 852 1866 flat,
868 1807 897 1849 ut
913 1815 980 1850 erro-

433 1904 489 1937 nem
505 1886 724 1948 nominamus-qui
740 1889 824 1940 errat,
845 1880 932 1929 dubim
948 1895 981 1928 an

433 1973 500 2015 recte
516 1968 602 2032 ciuiflo
618 1979 663 2029 pro
679 1964 794 2029 cirreriflo
810 1967 982 2024 componatur,

434 2059 482 2094 nec
504 2047 584 2108 potius
605 2044 729 2108 significet
749 2042 792 2105 qui
808 2044 915 2091 cinerem
926 2041 981 2103 flat

434 2142 457 2174 v.
474 2141 495 2174 c.
517 2141 550 2176 ex
572 2138 627 2182 ore,
649 2130 678 2170 nt
698 2121 804 2170 faciebat
826 2119 920 2178 Cacus,
937 2118 981 2182 qui

428 2205 550 2266 floremus
569 2219 613 2253 ore
633 2207 738 2251 aouarste
754 2202 844 2257 verrat,
866 2205 890 2247 et
915 2200 981 2247 bar·

433 2283 576 2345 ματοποιὸς
607 2282 733 2330 flammam
765 2285 790 2328 et
815 2282 922 2328 cineres:
949 2278 982 2326 sit

434 2367 518 2410 autem
535 2363 621 2424 cirrifb
633 2362 678 2425 qui
693 2361 737 2409 fiat
751 2360 778 2409 in
791 2361 911 2418 cinerem,
925 2373 981 2422 pro·

434 2441 487 2503 prie
502 2440 565 2489 nihil
582 2441 651 2489 aliud
667 2439 863 2503 significaretur,
880 2437 928 2485 nisi
944 2437 981 2484 vi·

434 2519 465 2568 lis
481 2533 556 2583 opera
578 2521 642 2571 servi
663 2521 703 2568 vel
726 2533 819 2577 servae,
841 2517 912 2579 ignes
933 2517 980 2566 sub

435 2601 516 2649 cinere
533 2600 638 2649 latentes
654 2600 737 2649 flando
752 2597 906 2656 suscitantis,
921 2612 981 2660 qua-

434 2680 484 2730 lem
512 2680 633 2728 famulam
662 2679 754 2728 Franci
782 2676 907 2740 appellant
927 2691 981 2725 een·

434 2763 536 2810 dalton.
576 2761 656 2820 Vilis,
681 2761 799 2824 inquam,
816 2771 903 2821 opera,
921 2756 982 2804 adeo

436 2847 465 2889 ut
480 2856 526 2904 pro
543 2841 655 2890 convicio
671 2840 791 2899 usitetur,
807 2838 879 2888 sicuti
900 2836 980 2901 calfa-

435 2920 525 2978 ctoria,
541 2921 584 2984 qui
593 2920 677 2984 ignem
694 2920 721 2968 in
729 2918 883 2968 monasteriis
899 2918 981 2966 incen-

436 2997 522 3058 debat,
539 3000 606 3048 unde
626 3013 717 3048 nomen
733 2998 831 3046 transiit
851 2998 878 3045 in
895 2996 982 3045 textri-

435 3091 495 3136 nas,
510 3083 535 3126 et
551 3084 636 3126 nostra
651 3077 720 3141 plebs
731 3076 816 3140 probri
832 3091 920 3124 caussa
934 3076 981 3125 uti-

436 3163 485 3204 tur.
526 3155 567 3205 Sic
588 3162 612 3204 et
635 3171 694 3204 usus
719 3170 771 3204 esse
792 3155 890 3204 ridetur
909 3156 981 3218 Vigi-

435 3235 544 3293 lantius,
568 3241 630 3284 teste
654 3236 807 3299 Hieronymo
828 3235 906 3298 Epist.
928 3236 981 3284 109.

435 3317 574 3364 cinerarios
595 3315 723 3378 appellans
745 3330 799 3374 eos,
823 3315 866 3378 qui
888 3315 982 3364 cineres

436 3402 577 3444 sanctorum
591 3403 732 3458 martyrum
743 3394 937 3457 venerabantur3
947 3403 982 3445 at·

436 3491 484 3539 que
500 3475 548 3525 ista
567 3477 636 3526 notio
652 3491 684 3526 ex
706 3477 823 3539 ciniflone
845 3474 917 3524 facile
937 3478 983 3525 du·

436 3556 511 3605 citur:
535 3557 614 3606 altera
630 3571 681 3605 non
697 3555 855 3618 intelligitur,
877 3555 925 3603 nisi
942 3558 983 3605 ad·

436 3638 493 3695 das,
510 3637 576 3699 quod
585 3636 738 3686 scholiastae
749 3635 874 3694 addidere,
891 3634 945 3683 flan'
957 3635 983 3683 in

436 3714 795 3774 cinerem,adcalefaeiendum
803 3713 983 3773 calamistrum,

436 3809 486 3857 quo
502 3794 582 3842 crines
603 3793 750 3856 crispentur.
783 3793 837 3842 Nec
859 3793 907 3840 viri
928 3808 984 3843 eru·

437 3872 483 3920 diti
498 3873 573 3921 istam
590 3873 787 3923 Scholiastarum
804 3872 984 3936 interpretatio·

436 3965 494 4000 nem
514 3951 626 4000 laudant.
659 3951 715 4001 Alii
736 3952 850 4000 derivant
871 3951 983 4013 aliunde,

437 4031 589 4080 Doderlinus
613 4032 645 4080 ad
666 4031 690 4080 h.
716 4030 732 4080 l.
757 4031 873 4094 opinatur
897 4048 983 4082 vocem

437 4124 490 4160 esse
510 4111 671 4174 compositam
697 4109 832 4171 Graecam,
855 4117 984 4178 tamqnam

437 4191 522 4254 cincflc
538 4190 571 4238 sit
583 4187 790 4252 κικιννοπολέων,
800 4196 829 4237 ut
841 4193 921 4255 aptita
929 4191 983 4242 oio·

438 4269 548 4333 πολέων,
565 4271 631 4334 quod
647 4269 729 4333 ipsum
740 4275 828 4319 exstet.
846 4264 983 4336 ingeniose.

439 4348 489 4399 Sed
500 4350 550 4408 sae,
562 4347 758 4399 κικιννοπολέων
768 4363 865 4413 quoque
878 4359 984 4412 exstare,

438 4434 462 4477 et
479 4429 603 4478 Romanos
619 4428 676 4478 inde
692 4428 811 4478 formasse
827 4432 920 4494 ciaifla
930 4432 984 4492 hoc,

438 4509 526 4567 eredo,
542 4522 593 4556 non
609 4509 750 4568 accidisset,
767 4509 816 4557 nisi
832 4510 984 4573 temporibus

438 4585 629 4650 antiquissimis,
652 4588 742 4651 quibus
767 4589 882 4651 linguam
907 4589 983 4640 Grae·

439 4680 506 4724 eam,
528 4666 643 4729 quamvis
667 4669 715 4731 ipsi
736 4669 903 4730 semi-graeei,
933 4685 984 4718 non

438 4746 617 4808 intelligentes,
641 4748 717 4796 rerba
737 4749 794 4797 inde
819 4756 900 4799 sumta
917 4751 982 4799 male

1019 1161 1216 1226 pronuntiabant
1238 1167 1262 1209 et
1282 1159 1429 1210 scribebant.
1462 1159 1504 1210 Sic
1523 1160 1571 1209 Ca·

1022 1245 1129 1292 remitae
1146 1240 1252 1290 invaluit
1268 1255 1313 1305 pro
1333 1242 1492 1304 Ganymede,
1508 1243 1570 1290 Alu-

1021 1328 1119 1371 meutua
1140 1335 1186 1384 pro
1207 1320 1389 1379 Laomedonte,
1417 1323 1572 1384 Proserpina

1020 1416 1065 1467 pro
1075 1400 1244 1463 Persephone,
1256 1401 1364 1449 Suculae
1373 1414 1418 1463 pro
1429 1400 1571 1464 Hyadibus,

1024 1480 1152 1543 Carthago
1161 1495 1207 1543 pro
1216 1478 1387 1537 carchedone,
1406 1479 1472 1543 quod
1483 1479 1572 1543 ‚ipsum

1022 1559 1110 1609 Graeci
1126 1574 1158 1608 ex
1175 1559 1262 1623 lingua
1273 1558 1370 1607 Punica
1377 1558 1427 1606 iam
1436 1558 1574 1609 finxerunt.

1021 1640 1096 1688 Hand
1112 1639 1224 1688 dissimili
1240 1639 1313 1688 modo
1329 1638 1356 1686 in
1372 1639 1475 1702 Europa
1491 1654 1572 1689 recon-

1021 1719 1083 1768 tiore
1099 1719 1217 1769 vocabula
1233 1717 1362 1777 Franeica,
1380 1733 1395 1766 a
1410 1718 1481 1782 plebe
1498 1719 1572 1784 inpri-

1021 1799 1081 1858 mis,
1104 1797 1330 1862 corrumpebantur.
1364 1798 1443 1862 Apud
1468 1815 1514 1850 nos
1534 1816 1572 1850 or-

1022 1885 1138 1927 namenta
1158 1880 1278 1942 quaedam
1301 1877 1400 1938 calceis,
1424 1881 1455 1927 ad
1472 1881 1571 1930 modum

1022 1958 1124 2007 Henriei
1149 1958 1249 2020 Quarti,
1274 1958 1363 2017 affixa,
1388 1959 1572 2022 appellabantur

1024 2040 1154 2088 Aricutra.
1181 2039 1221 2086 Ita
1237 2038 1304 2086 rudis
1321 2046 1387 2086 aetas
1404 2039 1519 2089 Romana
1531 2041 1572 2089 diu

1022 2124 1079 2168 ante
1094 2117 1213 2165 cinctutos
1233 2115 1356 2180 Cethegus
1377 2118 1573 2170 κικιννοπολὲων

1022 2212 1178 2261 corrumpere
1194 2197 1274 2262 potuit
1284 2197 1310 2245 in
1322 2200 1415 2263 circata.
1436 2199 1485 2250 Sed
1493 2200 1572 2249 Varro

1024 2277 1141 2327 novisset.
1173 2279 1261 2343 Neque
1278 2278 1384 2327 Romani
1405 2278 1445 2327 isti
1462 2280 1571 2329 incomtis

1023 2357 1115 2420 capillis
1138 2358 1211 2406 talem
1237 2365 1352 2406 ornatum
1375 2358 1524 2409 didicerant:
1550 2368 1572 2408 et

1024 2436 1573 2508 QuintiusideCineinnatuseretriaciuaatus

1023 2525 1123 2575 natura,
1141 2532 1191 2566 non
1208 2524 1260 2566 arte
1276 2517 1469 2578 calamistratus,
1480 2520 1572 2567 datum·

1023 2612 1071 2661 que
1095 2597 1131 2646 illi
1152 2612 1289 2660 cognomen
1310 2598 1407 2648 ridiculi
1428 2614 1528 2660 caussa,
1547 2606 1573 2646 nt

1023 2677 1072 2725 alia
1096 2679 1205 2741 ecapite
1222 2685 1247 2727 et
1263 2678 1356 2743 capillis
1373 2679 1508 2738 dabantur,
1525 2679 1573 2728 vel·

1023 2757 1060 2805 uti
1076 2763 1100 2805 et
1120 2757 1234 2820 Crispas.

1055 2838 1108 2886 Fae
1134 2845 1231 2898 autem,
1258 2840 1401 2901 antrorum
1431 2855 1485 2892 esse
1509 2856 1574 2890 mere

1024 2917 1154 2976 Latinum,
1172 2918 1239 2966 haud
1255 2920 1290 2966 ita
1306 2919 1349 2966 diu
1364 2927 1422 2969 ante
1444 2922 1574 2970 Horatium

1024 2996 1065 3044 vel
1081 2997 1111 3045 ab
1122 2997 1176 3060 ipso
1187 2996 1293 3046 Horatio
1304 2997 1447 3059 inventum,
1460 3007 1485 3049 et
1500 3001 1574 3064 signi·

1024 3075 1122 3133 dieasse,
1140 3078 1205 3139 quod
1217 3092 1261 3141 per
1276 3079 1430 3129 ciceronum
1441 3079 1575 3143 significari

1024 3156 1094 3204 aiunt
1116 3157 1279 3217 scholiastae,
1300 3164 1354 3206 tum
1370 3158 1479 3221 profecto
1504 3160 1575 3222 longe

1024 3235 1104 3299 aptius
1114 3243 1167 3285 erat
1178 3250 1269 3285 nomen
1286 3239 1411 3301 eirsfflonis
1423 3253 1498 3302 quam
1514 3243 1575 3288 ciue·

1024 3318 1102 3374 rarii,
1125 3322 1150 3364 et
1171 3316 1317 3373 auctoritas,
1343 3317 1391 3365 nisi
1413 3318 1532 3379 aliorum,
1552 3328 1576 3368 at

1024 3396 1133 3453 Horatii,
1150 3403 1227 3456 tanta,
1236 3402 1264 3444 ut
1280 3411 1328 3446 usu
1344 3396 1430 3446 diisset
1445 3406 1575 3462 receptum.

1026 3475 1121 3538 Cirriflo
1145 3482 1201 3538 post
1223 3477 1356 3525 Horatium
1381 3477 1408 3526 in
1431 3479 1501 3528 nullo
1522 3480 1577 3528 scri·

1024 3563 1095 3618 ptore
1112 3555 1240 3619 reperitur.
1265 3557 1360 3614 Locus,
1376 3556 1419 3604 ubi
1436 3565 1575 3620 poneretur,

1025 3650 1097 3698 saepe
1118 3643 1171 3685 erat
1192 3637 1264 3684 valde
1286 3642 1439 3699 opportunus
1463 3639 1489 3685 in
1510 3637 1577 3686 libris

1026 3714 1118 3774 Ovidii,
1126 3715 1215 3776 Persii,
1223 3714 1344 3773 Petronii,
1356 3714 1491 3774 Iuvenalis,
1499 3719 1576 3780 (prae-

1024 3795 1110 3844 sertim
1126 3796 1153 3844 in
1170 3796 1252 3846 Satira
1267 3794 1317 3845 VI.
1333 3794 1390 3843 480,
1407 3795 1453 3858 sq.)
1477 3796 1577 3844 Martia-

1025 3875 1068 3932 lis,
1085 3875 1111 3923 in
1128 3875 1283 3938 Authologia
1298 3875 1401 3934 Latina,
1410 3875 1437 3921 in
1448 3874 1578 3939 Apologiis

1026 3953 1238 4014 Christianorum,
1262 3968 1343 4003 mores
1364 3968 1474 4017 paganos
1498 3969 1577 4019 repre-

1025 4034 1193 4082 hendentium.
1236 4032 1373 4083 Considera
1393 4033 1454 4082 mihi
1477 4041 1578 4083 annota-

1025 4114 1118 4162 tionem
1136 4113 1216 4164 Servii
1233 4115 1264 4162 ad
1275 4113 1349 4175 Virg.
1367 4113 1433 4161 Aen.
1450 4114 1515 4163 XII.
1526 4115 1577 4163 100.

1025 4194 1104 4241 erinis
1118 4193 1410 4255 Vibratoscair'dcserro,
1425 4196 1579 4256 myrrhaque

1026 4274 1158 4320 ruadeutia.
1184 4271 1326 4335 „Crispatos
1343 4271 1495 4321 calamistro:
1521 4287 1578 4320 narn

1026 4349 1193 4399 calamistrum
1209 4360 1246 4400 est
1263 4365 1320 4400 aeus
1340 4351 1419 4399 maior
1436 4366 1499 4415 quae
1519 4352 1579 4400 cale-

1026 4431 1089 4479 facta
1106 4430 1214 4480 adhibita
1235 4433 1360 4495 intorquet
1381 4431 1492 4494 capillos:
1515 4433 1580 4479 unde

1026 4510 1099 4558 etiam
1125 4510 1212 4561 Cicero
1237 4526 1282 4576 pro
1308 4511 1395 4562 Sextio
1417 4510 1496 4559 VIII.
1514 4515 1578 4561 ecda·

1027 4592 1171 4640 rru'stratum
1192 4606 1287 4641 courum
1308 4590 1415 4655 appellat
1432 4590 1579 4653 frequenter,

1026 4685 1088 4733 quae
1110 4671 1184 4720 etiam
1207 4671 1380 4735 vituperationi
1402 4678 1451 4730 est,
1473 4673 1580 4719 undeet

1026 4759 1110 4799 eontra
1127 4753 1158 4800 ad
1175 4753 1273 4801 laudem
1294 4757 1331 4800 est
1353 4749 1459 4814 positum
1482 4751 1513 4798 ab
1530 4751 1579 4799 Hc·
