3750 5759
308 682 347 743 16
698 672 1051 742 SATIRARUM

347 861 469 930 Omnia
493 860 662 928 conductis
689 881 838 926 coemens
867 859 1004 925 obsonia
1027 860 1192 938 nummis3

348 965 504 1032 Sordidus
529 969 627 1050 atque
647 962 750 1028 animi
773 964 859 1049 quod
876 964 968 1048 parvi
991 964 1075 1029 nolit
1096 964 1225 1045 haberi,

346 1070 544 1154 Respondet
593 1066 760 1132 Laudatur
780 1066 822 1131 ab
842 1066 911 1149 his,
937 1067 1089 1153 culpatur
1110 1067 1152 1131 ab
1174 1066 1250 1131 illis.

311 1172 313 1178 '
345 1171 496 1238 Fufidius
520 1192 646 1257 vappae
668 1169 792 1235 famam
818 1170 915 1236 timet
931 1194 969 1237 ac
990 1172 1183 1254 nebulonis,

347 1274 448 1341 Dives
470 1273 573 1360 agris,
598 1272 689 1339 dives
710 1272 828 1357 positis
849 1274 884 1338 in
908 1274 1041 1340 foenore
1057 1274 1212 1340 nummis.

347 1377 471 1459 Quinas
493 1376 546 1442 hic
564 1374 665 1462 capiti
684 1377 848 1442 mercedes
869 1382 1018 1462 exsecat,
1040 1383 1139 1464 atque

347 1481 478 1563 Quanto
496 1478 652 1566 perditior
675 1480 813 1566 quisque
836 1485 904 1565 est,
933 1487 1027 1547 tanto
1050 1481 1155 1547 acrius
1177 1487 1289 1568 urget3

346 1584 490 1650 Nomina
512 1586 676 1667 sectatur,
700 1584 798 1649 modo
824 1589 935 1650 sumta
957 1591 1048 1650 veste
1071 1585 1179 1669 virili,

347 1689 415 1756 Sub
438 1685 586 1773 patribus
610 1686 701 1752 duris
722 1686 875 1754 tironum.
925 1686 1094 1772 „Maxime
1104 1693 1137 1772 ,“
1162 1688 1235 1774 quis
1259 1708 1344 1770 non,

347 1791 537 1878 „Iupiteri“
558 1792 736 1877 exclamat,
761 1792 862 1859 simul
886 1798 985 1880 atque
1008 1793 1152 1871 audivit3
1179 1798 1238 1878 „at
1260 1792 1296 1858 in
1320 1814 1355 1858 se

346 1896 410 1961 Pro
434 1900 572 1982 quaestu
596 1900 745 1962 sumtum
767 1895 848 1962 facit
870 1895 972 1961 hic?“
1019 1896 1086 1962 Vix
1109 1897 1237 1964 credere
1259 1894 1384 1983 possis,

348 1997 454 2079 Quam
477 1997 541 2064 sibi
563 2021 630 2065 non
654 1999 699 2065 sit
722 1999 867 2084 amicus,
893 2000 941 2066 ita
964 2004 1003 2066 ut
1024 2006 1117 2086 pater
1140 2000 1214 2085 ille,
1238 1997 1369 2066 Terenti

348 2101 476 2168 Fabula
498 2123 596 2187 quem
619 2102 777 2168 miserum
799 2108 901 2188 gnato
923 2103 1049 2170 vixisse
1072 2104 1187 2190 fugato

347 2205 498 2289 Inducit,
522 2227 589 2270 non
614 2228 648 2272 se
671 2207 764 2292 peius
789 2207 983 2272 cruciaverit
1005 2213 1103 2294 atque
1126 2208 1188 2274 hic.

348 2307 480 2395 Siquis
504 2330 592 2374 nuno
616 2316 769 2396 quaerat:
796 2310 892 2393 „Quo
914 2333 966 2376 res
989 2312 1070 2377 haec
1093 2312 1278 2397 pertinet?“
1319 2310 1417 2375 Illuc:

349 2413 438 2477 Dum
461 2410 569 2478 vitant
593 2412 688 2479 stulti
712 2404 812 2497 vitia',
837 2414 871 2478 in
895 2415 1058 2480 contraria
1081 2419 1224 2481 currunt.

302 2612 369 2662 Vide
390 2613 477 2662 Burm.
503 2615 534 2662 ad
559 2615 673 2679 Propert.
695 2617 746 2665 111.
771 2630 809 2664 vr.
827 2616 850 2663 4.
895 2615 942 2663 los
957 2614 1045 2663 laudat
1062 2616 1160 2679 poetae:
1178 2616 1214 2662 In
1231 2616 1329 2663 nultum
1346 2629 1440 2663 avarus

303 2693 432 2742 Phaedrus
453 2695 503 2744 III.
521 2709 551 2743 ιι.
567 2697 648 2744 suerit
663 2698 731 2745 irato
747 2697 850 2757 impetu.
893 2697 970 2743 bonus
991 2700 1041 2756 cst,
1057 2696 1084 2742 in
1105 2709 1130 2743 re
1149 2696 1277 2757 pesnmsn.
1311 2692 1367 2742 Iam
1384 2691 1439 2751 alii,

304 2771 356 2822 Ubi
371 2773 458 2822 Heius.
475 2775 557 2822 minus
568 2781 633 2822 recte
644 2773 742 2837 legebat
751 2777 851 2822 iterato.
892 2779 921 2820 ut
937 2773 1065 2834 volebam,
1082 2773 1258 2822 distinxerunt.
1289 2769 1439 2822 Doderlinus

303 2850 433 2901 Vocabula
456 2855 573 2916 inuratur
593 2860 618 2901 et
634 2855 718 2902 iratus
735 2867 808 2915 saepe
825 2853 851 2900 in
892 2861 1031 2917 praeterea:
1048 2860 1158 2903 sumtum
1164 2855 1250 2917 fucit?
1268 2855 1364 2903 Laudo.

304 2932 382 2982 MSS.
397 2932 590 2982 confunduntur.
613 2930 684 2981 Conf.
699 2931 851 2981 Gronomd
926 2937 1010 2983 Pater
1031 2933 1087 2992 ilie,
1109 2935 1211 2982 Terenti
1245 2935 1345 2983 Fabula
1369 2947 1439 2994 quem

304 3013 362 3062 Liv.
380 3013 469 3062 XXV.
486 3013 510 3060 4.
543 3010 693 3060 Doderlinus
715 3011 852 3074 ingluviem
893 3015 1013 3062 miserum
1032 3019 1108 3074 puato
1125 3013 1216 3061 cinnae
1228 3011 1324 3075 suqutc
1356 3013 1437 3060 Indu-

305 3091 354 3139 dici
370 3097 440 3154 putat
462 3093 591 3153 inqrdtum
616 3103 677 3151 erga
701 3089 785 3147 illum,
809 3091 853 3152 qui
893 3093 936 3138 cit.
970 3091 1065 3140 Melius
1082 3097 1155 3154 puto:
1173 3093 1256 3139 Pater
1276 3092 1319 3139 ille
1340 3092 1440 3139 Terenti

305 3170 389 3218 omnia
404 3169 525 3233 ingluviei
541 3169 622 3227 dedit,
639 3175 663 3217 et
674 3167 768 3216 nullam
781 3168 812 3215 ab
823 3182 853 3216 ea
895 3170 1008 3227 Fabula,
1024 3186 1096 3231 quem
1112 3172 1218 3219 inducit.
1237 3169 1314 3218 Pater
1328 3169 1385 3228 ille,
1399 3169 1439 3233 qui

305 3249 410 3312 gratiam
427 3248 524 3306 retulit,
540 3248 590 3296 fere
606 3255 634 3296 ut
645 3248 688 3310 qui
698 3247 782 3296 omnia
791 3248 852 3296 ami·
892 3261 919 3297 se
940 3254 992 3296 tam
1015 3249 1080 3297 male
1107 3249 1213 3308 cruciat,
1236 3255 1273 3297 est
1289 3249 1376 3297 fabula
1392 3250 1438 3299 Te-

305 3329 340 3377 cis
356 3343 402 3377 sua
416 3327 545 3391 largiendo
561 3326 706 3386 effundunt,
716 3341 796 3390 neque
811 3341 852 3375 eos
893 3328 970 3387 renti,
984 3327 1289 3378 Heautontimorumenos.
1306 3330 1383 3378 Hunc
1395 3345 1437 3392 pa·

305 3415 433 3472 propterea
449 3415 532 3472 gratos
549 3407 724 3470 experiuntur,
748 3406 770 3454 si
792 3420 851 3455 usus
893 3413 958 3455 trem
976 3407 1109 3455 Terentius
1122 3408 1229 3467 inducit,
1240 3408 1388 3457 nonfabula
1399 3409 1437 3456 in·

304 3489 345 3538 sit.
362 3490 445 3539 Acuta
456 3488 571 3552 profecto.
600 3486 649 3537 Sed
661 3487 779 3549 epitheta,
789 3499 852 3550 quae
893 3486 969 3535 ducit.
999 3487 1078 3536 Poita
1100 3486 1194 3552 εἰσάγει
1220 3487 1305 3552 δρᾶμα
1325 3487 1437 3551 πατέρα,

304 3574 356 3616 tam
373 3568 452 3616 multa
467 3567 608 3632 significare
623 3571 739 3629 possunt,
750 3564 800 3613 fere
814 3571 851 3612 est
892 3563 986 3629 εἰσάγει
1003 3563 1122 3630 δράματα
1139 3565 1271 3627 Oviscae,
1294 3565 1438 3625 Οἰδίποδας.

304 3654 333 3695 ut
345 3648 439 3706 dicam,
452 3661 541 3710 parum
553 3644 702 3709 significant.
722 3641 851 3705 Ingluvies
893 3643 981 3694 Cicero
1005 3645 1080 3694 Tusc.
1098 3645 1147 3696 IV.
1164 3646 1206 3694 24.
1240 3647 1306 3695 Cum
1326 3649 1439 3697 Orestem

304 3729 375 3777 irata
391 3726 478 3775 saltem
495 3726 585 3775 certius
601 3723 694 3786 aliquid
708 3719 839 3784 significat.
885 3725 1008 3785 fabulam
1027 3726 1167 3787 Euripides
1188 3727 1292 3775 doceret.
1336 3725 1438 3775 Sueten.

339 3807 419 3855 Dives
435 3806 519 3868 apris,
535 3806 602 3852 dices
610 3802 852 3865 positisinfoenore
891 3797 985 3852 Neron.
1008 3803 1057 3853 XI.
1083 3805 1197 3854 Inducta
1213 3811 1251 3853 est
1278 3811 1304 3853 et
1331 3806 1439 3870 Afranii

304 3888 421 3934 nummis.
454 3883 631 3932 Lachmannus
648 3894 762 3936 versum,
779 3884 808 3926 ut
819 3893 851 3926 ex
892 3886 986 3944 toyuta.
1020 3881 1104 3931 Plaut.
1122 3883 1214 3932 Pseud.
1233 3882 1301 3931 Prol.
1319 3883 1361 3932 25.
1390 3884 1436 3932 ra-

304 3964 386 4026 Epist.
404 3962 439 4011 Π,
457 3976 497 4010 ιιι.
514 3962 571 4010 241.
593 3961 642 4009 huc
664 3959 773 4016 illatum,
790 3958 851 4006 reie·
892 3962 952 4008 tuta
976 3963 1004 4009 in
1023 3976 1122 4011 scenam
1147 3965 1222 4011 venit.
1256 3962 1315 4010 Non
1335 3964 1438 4012 memini

304 4043 346 4091 cit.
380 4042 450 4091 Idem
471 4039 528 4089 fecit
549 4039 686 4102 Hauptius,
703 4039 852 4086 assentiente
892 4054 925 4088 an
942 4041 976 4089 sic
993 4041 1102 4089 dicatur:
1116 4041 1201 4089 fabula
1217 4043 1316 4091 inducit
1324 4049 1437 4106 putrem,

306 4121 440 4171 Meinekio.
473 4121 529 4182 Ego
545 4134 595 4168 non
612 4117 736 4166 dissentio.
891 4117 974 4183 δρᾶμα
1004 4117 1098 4183 εἰσάγει
1128 4118 1236 4184 πατέρα.
1277 4121 1438 4168 Heindorfius
1514 4178 1516 4180 ,

339 4204 393 4252 Hic
409 4203 454 4250 via
476 4201 576 4250 credere
590 4200 672 4263 possis
700 4198 785 4256 Quam
804 4198 851 4245 sibi
891 4198 1101 4247 animadverterat
1117 4200 1215 4248 inducit
1230 4201 1323 4249 vnisse
1339 4215 1385 4263 pro
1402 4203 1437 4250 ci·

305 4297 356 4331 non
368 4282 403 4330 ait
416 4280 519 4329 amicus.
549 4277 634 4326 Multo
646 4275 741 4333 acrius,
755 4283 780 4323 et
795 4290 850 4338 pro·
890 4284 986 4328 rentem
1002 4279 1130 4328 anemius
1146 4278 1316 4330 Grammatico
1331 4278 1437 4342 explica-

305 4366 391 4424 pterea
406 4372 473 4408 nunc
497 4357 601 4405 melius:
624 4358 680 4406 hic?
696 4357 852 4406 virnedere
890 4363 946 4405 tum
963 4372 1023 4407 esse.
1049 4357 1151 4421 Optime
1167 4359 1217 4406 iam
1235 4358 1386 4422 explicatum
1401 4365 1438 4407 est

302 4441 392 4501 poeria
416 4436 498 4499 Quid?
521 4437 598 4487 Hunc
608 4451 654 4500 pro
665 4440 770 4499 quaestu
784 4450 850 4484 sum·
890 4437 1062 4498 aDoderlino,
1073 4439 1143 4501 quasi
1156 4453 1316 4501 praepnans:
1335 4437 1378 4498 „in
1388 4452 1438 4487 sce-

305 4525 359 4567 tum
375 4517 403 4566 in
419 4532 445 4566 se
462 4517 556 4565 faeere?
580 4515 636 4565 Vix
656 4517 753 4574 credas,
775 4530 849 4578 quam
891 4531 950 4564 nam
968 4515 1109 4566 inducendo
1127 4517 1225 4579 fingit.·'
1254 4517 1322 4565 Hinc
1339 4531 1438 4580 quoque

305 4613 332 4647 se
348 4597 448 4646 cruciet.
476 4599 593 4648 Sitinon
608 4597 716 4654 smnus,
733 4596 849 4646 utSatir.
890 4602 1003 4658 apparet,
1028 4602 1122 4659 quanto
1139 4596 1227 4646 melius
1250 4596 1283 4644 sit
1304 4597 1438 4645 Terentius

306 4679 341 4727 II.
354 4692 384 4726 11.
395 4679 435 4730 97.
455 4678 509 4728 Siti
524 4678 632 4740 iniquis.
666 4676 761 4726 Seneca
768 4675 849 4739 Epist.
889 4677 1003 4735 inducit,
1021 4691 1096 4739 quam
1107 4677 1204 4740 fabule
1220 4677 1328 4726 inducit.
