3750 5759
370 679 409 741 lt
759 672 1110 740 SATIRARUM

412 863 461 929 Ut
484 862 712 926 Nomentanus
720 861 757 923 ?“
805 857 920 943 Pergis
944 858 1130 943 pugnantia
1154 879 1264 924 seeum

414 965 591 1032 Frontibus
615 963 759 1030 adversis
784 983 986 1047 componere.
1034 961 1109 1026 Non
1133 983 1209 1047 ego,
1234 984 1368 1027 avarum

368 1118 399 1167 G.
411 1118 507 1167 11120.
517 1119 635 1167 etEstroo
646 1118 673 1165 in
684 1115 914 1179 Prosopographeia
954 1129 1009 1163 nem
1036 1115 1165 1162 Insulsam
1181 1120 1206 1163 et
1216 1113 1325 1178 fatuam
1343 1115 1436 1162 deutra
1451 1117 1502 1164 lae·

367 1198 519 1257 Horatiana,
536 1196 827 1259 nihilsdexpedieudam
840 1195 914 1243 huius
955 1210 1034 1256 eaque
1047 1197 1155 1243 tenebat.
1181 1193 1232 1242 Ubi
1241 1192 1426 1256 clytemnestra
1436 1193 1502 1257 figu-

368 1275 749 1340 loeidifficultatemprofoceris.
777 1274 914 1336 Nunquam
954 1282 1008 1322 rate
1026 1273 1170 1337 appellatur.
1194 1271 1337 1322 Lclericus
1349 1273 1502 1322 coniecerat:

368 1356 393 1404 id
402 1355 537 1411 efficiesut
546 1357 709 1418 Tyndaridae
718 1361 743 1402 et
754 1354 915 1416 Tyndarides
955 1355 1043 1402 diuisit
1068 1355 1175 1402 medium
1192 1352 1339 1414 fortissima
1366 1353 1503 1414 Tyndaris.

368 1436 417 1485 sint
433 1436 532 1494 eadem;
557 1441 582 1484 et
603 1433 745 1483 Falsterum
767 1433 793 1481 in
814 1432 914 1480 nomine
956 1434 1059 1481 Horum
1087 1434 1157 1492 Quid
1167 1432 1202 1480 mi
1212 1433 1291 1494 iyitur
1304 1434 1399 1480 suades
1425 1431 1503 1479 Bent-

368 1515 582 1576 Eumolpidarum
598 1513 735 1576 significan
749 1512 853 1560 feminas
869 1526 913 1575 pu·
953 1512 1016 1560 leius
1042 1510 1167 1561 clericum
1191 1511 1294 1570 refutat,
1316 1512 1441 1559 condonat
1465 1511 1502 1559 illi

367 1600 476 1651 tantem,
501 1592 620 1642 refutavit
644 1593 766 1642 Ernestus
791 1593 818 1640 in
842 1592 914 1641 Aetia
949 1591 1098 1654 fortissima
1118 1593 1258 1654 Tyndaru,
1275 1592 1341 1654 quod
1353 1599 1438 1638 tamen
1452 1605 1502 1639 non

368 1672 550 1737 Lipsiensibus;
572 1673 615 1736 qui
632 1671 673 1720 vel
689 1671 735 1721 hoc
751 1685 829 1719 unum
845 1669 914 1718 suffi·
955 1685 1007 1718 una
1023 1671 1053 1718 de
1066 1685 1155 1719 caussa
1166 1670 1320 1733 displieebat;
1337 1671 1379 1719 sed
1392 1685 1503 1733 praeser-

368 1768 423 1803 oere
440 1753 564 1801 iudicabat
575 1758 764 1815 argumentum,
776 1751 797 1799 si
809 1751 915 1799 feminae
955 1750 1001 1798 tim
1018 1750 1120 1810 refutat,
1143 1750 1203 1813 quia
1222 1750 1333 1798 Naevius
1350 1758 1376 1799 et
1391 1751 1502 1799 Nomen·

369 1833 483 1892 firasent,
501 1832 633 1880 dicendum
649 1830 726 1879 fuisse
741 1830 913 1892 Eumolpidas,
956 1837 1029 1878 tanus
1044 1838 1102 1878 sunt
1115 1837 1223 1893 nepotes,
1237 1831 1279 1892 qui
1289 1845 1365 1879 avaro
1374 1830 1502 1880 Ummidio

368 1925 418 1960 non
436 1912 613 1972 Eumolpidae.
645 1908 672 1958 Si
695 1909 772 1970 igitur
787 1910 913 1971 Tyndari·
955 1918 1120 1973 opponuntur.
1154 1908 1208 1959 Cur
1226 1910 1340 1958 Bentleio
1354 1911 1502 1973 fortissima

368 1995 460 2041 darum
481 1995 519 2037 est
539 2002 629 2036 manus
650 1989 749 2050 politae,
767 2001 846 2050 genus
863 2002 915 2036 ma·
958 1990 1089 2052 Tyndaris
1106 1988 1270 2052 displicuerit,
1291 2003 1342 2037 non
1359 1988 1502 2051 explicavit.

368 2070 492 2119 sculinum
517 2067 689 2130 Tyndaridae,
716 2066 762 2114 filii
788 2067 915 2131 Tyndari,
955 2067 1044 2130 Neque
1061 2067 1179 2131 intelligo,
1188 2082 1233 2116 cur
1246 2068 1373 2131 displicere
1385 2069 1501 2131 potuerit.

368 2150 443 2198 simul
464 2163 542 2213 genus
564 2148 709 2196 femininum
730 2149 859 2212 complecti
874 2151 914 2199 de·
956 2148 1034 2197 Recte
1049 2148 1116 2196 enim
1135 2149 1264 2210 Tyndaris
1279 2147 1424 2210 appellatur,
1437 2162 1502 2211 quae

369 2229 468 2278 bebunt.
491 2229 526 2278 Et
542 2228 588 2276 hoc
603 2228 731 2277 Bentleius
748 2229 916 2279 demonstrare
957 2226 1026 2285 fecit,
1051 2228 1116 2290 qnod
1138 2227 1251 2291 Tyndari
1276 2241 1335 2275 vera
1359 2227 1412 2274 filia
1432 2228 1501 2284 fecit,

368 2315 470 2357 conatus
482 2316 525 2357 est.
537 2307 610 2368 Quod
619 2322 652 2356 ex
658 2308 812 2371 Anthologia
820 2309 916 2358 Graeca
956 2307 1074 2355 maritum
1090 2307 1190 2366 oceidit,
1213 2313 1241 2354 ut
1263 2307 1289 2354 in
1308 2305 1429 2355 Iuvenale
1445 2307 1502 2356 talis

369 2387 465 2446 attulit,
482 2403 572 2452 parum
590 2387 671 2436 valet:
693 2388 716 2436 oi
735 2391 801 2450 τρεῖς
817 2387 914 2437 Τυνδα-
955 2386 1045 2436 mulier
1061 2386 1199 2450 appellatur
1216 2384 1406 2447 clytemnestra.
1436 2387 1502 2436 Nae-

368 2466 435 2530 pr'dar
464 2465 589 2530 Κάστωρ,
617 2464 716 2526 Ἑλένη,
742 2465 915 2526 Πολυδεύκης,
956 2465 1011 2514 vius
1029 2472 1112 2514 autem
1132 2472 1157 2514 et
1172 2465 1343 2513 Nomentanus
1360 2472 1432 2513 erant
1447 2481 1501 2529 pro·

368 2548 404 2596 sie
420 2547 550 2595 coniuncta
565 2560 616 2594 non
632 2545 771 2604 offendunt,
791 2552 820 2594 ut
836 2561 915 2610 neque
956 2546 1022 2608 digi,
1038 2546 1081 2594 sed
1098 2544 1163 2593 alius
1180 2543 1228 2592 alio
1244 2545 1330 2602 modo,
1347 2542 1388 2592 ille
1404 2561 1502 2608 vappa,

368 2627 463 2676 Latina
491 2625 643 2675 offenderent
673 2626 777 2683 Castor,
804 2628 915 2686 Helena,
955 2624 996 2672 hic
1019 2628 1113 2675 nebulo.
1147 2625 1262 2674 Fortasse
1286 2623 1359 2687 plura
1383 2623 1423 2672 hic
1443 2632 1502 2673 sunt

371 2707 478 2765 Pollux,
500 2711 551 2755 tres
562 2705 732 2767 Tyndaridae.
764 2703 825 2753 Alia
840 2705 915 2754 Bent·
955 2711 1077 2767 corrupta,
1095 2719 1158 2768 quae
1174 2705 1209 2752 sie
1222 2705 1368 2767 corrigenda
1380 2718 1502 2768 propono:

369 2784 413 2833 leii
429 2784 543 2848 exempla
556 2783 631 2833 etiam
646 2783 728 2830 minus
741 2781 830 2832 valent.
856 2782 915 2847 cly·
956 2791 997 2833 ast
1020 2787 1085 2835 buna
1103 2786 1194 2834 liberta
1214 2785 1297 2834 securi
1327 2785 1429 2833 Diuisit
1454 2801 1501 2834 me-
1530 2795 1533 2801 '

370 2872 545 2923 temnestram,
562 2878 613 2912 non
627 2862 916 2912 additisfratrumnomi·
956 2865 1040 2920 dium,
1063 2863 1209 2928 fortissima
1230 2865 1365 2926 Tyndaris.
1402 2865 1502 2912 Horum

370 2946 455 3003 uibus,
472 2943 591 3007 appellari
608 2957 683 2990 unum
700 2943 916 3004 Tyndaridarum,
962 2945 1057 2992 Utrum
1072 2945 1153 3007 lyitur
1168 2945 1263 3000 suades,
1280 2949 1309 2991 ut
1320 2945 1418 2994 uiuam?
1439 2946 1502 2994 Nae·

370 3025 422 3072 iam
451 3024 543 3072 mirum
571 3030 615 3071 est.
658 3021 726 3082 Quid
744 3020 917 3082 fortissimam
957 3023 1026 3083 aius,
1043 3039 1077 3072 an
1092 3025 1128 3073 sie
1150 3025 1187 3075 Ut
1196 3021 1383 3073 Nomentanus?
1408 3022 1503 3073 Sinon

374 3104 597 3166 Tyndaridarum?
638 3101 710 3150 Vera
734 3097 918 3162 clytemnestra
959 3101 996 3150 vis
1012 3117 1053 3152 me
1069 3117 1122 3151 esse
1138 3117 1256 3162 avarum
1273 3111 1297 3151 et
1313 3103 1429 3167 exemplo
1442 3105 1501 3154 Urn-

371 3182 415 3230 vix
432 3182 467 3229 ita
483 3179 679 3242 significaretur,
698 3180 789 3226 nedum
806 3178 872 3237 ficta,
888 3178 917 3226 li·
958 3181 1030 3229 midii
1048 3184 1167 3240 deterres,
1192 3190 1277 3230 utrum
1301 3182 1378 3244 igitur
1399 3183 1503 3240 horum,

371 3260 479 3316 bertine,
508 3259 586 3307 altera
616 3257 807 3320 clytemnestra.
849 3259 919 3307 Haec
957 3261 1081 3310 Naevium
1094 3262 1427 3311 anNomentanumvivam?
1445 3263 1503 3312 Mu-

371 3347 424 3388 erat
440 3339 574 3387 fortissima
592 3339 732 3400 Tyndaris,
749 3351 799 3385 non
817 3339 917 3399 Tynda·
958 3348 1010 3389 tata
1031 3342 1223 3399 oonstruetioue,
1246 3341 1310 3389 dixit
1332 3343 1367 3391 sir
1390 3348 1419 3389 ut
1437 3345 1503 3392 Nae-

371 3421 501 3474 rtlarum,
523 3431 603 3480 neque
622 3417 811 3478 Tyndartaam,
828 3416 918 3479 quippe
958 3421 1020 3469 eius.
1052 3424 1169 3484 Almuem
1190 3423 1258 3479 vtro,
1287 3428 1324 3470 est
1341 3422 1400 3470 vivo
1425 3422 1503 3470 vitam

372 3514 422 3548 non
442 3514 475 3547 ex
497 3511 586 3561 genere
608 3495 736 3558 Tyndari,
758 3495 784 3543 in
801 3510 850 3558 quo
866 3496 919 3544 sola
958 3499 1075 3558 alieuius,
1092 3507 1120 3548 nt
1137 3499 1238 3551 Sueten.
1255 3501 1349 3550 Domit.
1369 3502 1406 3549 12.
1423 3503 1505 3550 uiuere

372 3577 556 3641 clytemnestra
572 3576 641 3624 fortis
655 3575 702 3623 fuit
715 3576 918 3624 adoocidendum
958 3579 1038 3628 eitam
1054 3581 1198 3631 Iudaicam.
1223 3580 1336 3630 Iuvenul.
1355 3580 1430 3631 Satir.
1440 3582 1503 3631 XII.

373 3659 498 3706 maritum.
525 3656 553 3706 Si
562 3669 652 3704 nomen
661 3654 863 3716 Tyndaridarum
876 3669 918 3702 ex·
961 3658 1015 3708 127.
1045 3660 1122 3708 Vivat
1139 3661 1277 3720 Pacuuius,
1293 3675 1389 3723 quaeso,
1406 3663 1504 3710 velNe·

372 3738 472 3785 tendere
489 3736 565 3792 velis,
587 3743 611 3783 et
633 3733 745 3784 Orestem
762 3748 873 3796 quoque,
895 3741 919 3782 et
958 3741 1029 3785 stara
1046 3743 1132 3788 totum.
1166 3738 1254 3787 Boiith.
1272 3739 1302 3787 de
1319 3737 1394 3788 cons.
1408 3739 1504 3788 Philas.

372 3816 463 3863 sociam
477 3815 645 3884 ¹consiliorum
667 3827 776 3861 sororem
793 3813 918 3861 Electram
959 3814 1007 3864 IV.
1033 3815 1104 3866 Pros.
1117 3818 1140 3866 3.
1168 3818 1254 3881 Sepnis
1270 3833 1301 3868 ae
1317 3820 1436 3879 stupidus
1454 3825 1503 3868 tor-

372 3894 587 3957 eomprehendere,
604 3892 754 3955 eomparatio
770 3907 820 3941 non
832 3900 920 3941 exacta
958 3897 1016 3958 pet?
1044 3898 1115 3945 Vivit
1131 3899 1239 3947 asinum.
1278 3897 1352 3947 Talia
1374 3896 1425 3946 fere
1446 3906 1504 3947 sunt

373 3982 444 4023 esset.
476 3974 544 4022 Nam
561 3971 662 4022 Orestes
679 3978 704 4019 et
720 3985 789 4020 soror
806 3971 918 4021 fortiores
959 3977 1349 4040 virereBaeelmnalia,saltare
1363 3977 1505 4042 cyclopem,

374 4055 455 4112 fuere,
476 4053 520 4116 qui
540 4060 645 4100 matrem
664 4051 836 4101 interfecerint.
870 4055 919 4103 Hie
959 4057 1083 4106 balbutire
1106 4058 1244 4115 Scaurum,
1270 4056 1331 4106 elia:
1354 4064 1443 4107 utrum
1464 4059 1504 4108 ho-

373 4141 500 4198 praeterea
515 4132 601 4181 caedes
618 4130 701 4178 mariti
713 4131 853 4193 requiritur.
870 4132 919 4181 La-
959 4143 1069 4191 rum,ut
1086 4133 1161 4184 Satir.
1172 4135 1208 4184 II.
1226 4149 1255 4184 11.
1264 4136 1305 4184 64.
1334 4137 1414 4195 Quali
1424 4139 1505 4198 iyttur

374 4213 455 4262 tinum
481 4210 508 4259 in
533 4211 579 4259 hae
603 4223 691 4258 caussa
715 4216 752 4258 est
770 4210 919 4272 fortissima
959 4215 1029 4263 vura
1042 4215 1143 4276 sapiens
1159 4215 1296 4263 uteturlet
1310 4215 1398 4264 borum
1410 4217 1505 4265 Utrum

377 4293 514 4356 Tyndaris.
540 4289 724 4353 clytemnestra
734 4297 771 4338 est
781 4291 918 4354 Tyndaris.
959 4293 1116 4341 imitabitur?
1150 4293 1230 4355 Epist.
1239 4293 1261 4342 Ι.
1271 4307 1340 4341 xvn.
1352 4294 1389 4342 16.
1412 4295 1505 4343 Utrius

373 4371 467 4422 Seneea
491 4371 585 4433 Agam.
601 4368 659 4420 897.
702 4371 796 4419 Arneat
820 4372 920 4434 bipenni
960 4373 1049 4419 borean
1065 4373 1146 4421 Verba
1156 4372 1368 4434 probaretfaeta
1382 4374 1446 4423 dare.

376 4451 505 4512 Tyndaris
528 4451 646 4499 dextram
662 4449 766 4511 jurene.
806 4450 919 4499 Iuvenul.
993 4451 1052 4499 Non
1067 4466 1109 4513 eya
1124 4467 1231 4500 auarum
1257 4450 1322 4500 cum
1336 4458 1391 4501 veto
1402 4458 1428 4502 te
1433 4453 1504 4516 fieri,

374 4529 458 4580 Satira
470 4529 521 4578 VI.
534 4528 592 4576 655.
615 4525 695 4577 Mane
707 4527 919 4591 clytemnestram
960 4542 1069 4590 vappam
1090 4530 1158 4578 iubeo
1174 4545 1204 4579 ae
1225 4530 1375 4578 nebulonem.
1415 4532 1505 4593 Vappa

373 4610 461 4657 nullus
481 4621 530 4656 non
551 4607 621 4655 olaus
644 4608 749 4656 lambit.
784 4610 843 4657 Hae
863 4614 918 4657 tan·
960 4614 984 4654 et
1008 4609 1095 4656 nebula
1119 4607 1242 4657 differunt.
1283 4610 1381 4671 Vappa,
1398 4608 1503 4672 simplex

375 4693 429 4736 tum
445 4688 536 4750 refert,
554 4687 619 4749 quod
633 4686 761 4748 Tyndaris
777 4688 824 4736 illa
836 4689 918 4750 bipen·
959 4692 983 4735 et
1000 4685 1109 4749 ineptus,
1130 4689 1218 4737 nebulo
1239 4687 1368 4751 impudens
1390 4694 1414 4734 et
1435 4687 1504 4734 mali·
