3750 5759
383 691 443 752 142
768 689 1118 755 SATIRARUM

424 876 559 962 Accipe,
579 899 643 962 que
665 877 790 941 ratione
814 900 912 962 queas
936 877 1101 944 ditescere.
1149 879 1279 944 Turdus>

424 982 499 1048 Sive
522 980 613 1044 aliud
634 979 764 1065 privum
787 981 918 1046 dabitur
941 982 1018 1065 tibi,
1044 982 1172 1047 devolet
1194 983 1291 1066 illuc,

423 1091 488 1154 Res
512 1086 568 1151 ubi
589 1107 711 1170 magna
733 1085 836 1168 nitet,
860 1084 993 1150 domino
1017 1108 1111 1151 sene:
1136 1086 1245 1152 dulcia
1266 1107 1366 1172 poma

424 1193 469 1257 ut
492 1211 712 1276 quoscumque
733 1189 816 1254 feret
838 1190 946 1254 cultus
972 1189 1034 1254 tibi
1056 1190 1178 1256 fundus
1201 1192 1357 1273 honores,

421 1298 510 1362 Ante
533 1295 648 1359 Larem
666 1298 779 1378 gustet
799 1293 1014 1358 venerabilior
1032 1293 1113 1359 Lare
1136 1294 1242 1374 dives3

424 1399 487 1480 Qui
511 1396 659 1483 quamvis
682 1395 829 1482 periurus
853 1396 931 1479 erit,
958 1396 1028 1462 sine
1050 1404 1164 1482 gente,
1189 1404 1342 1464 cruentus

424 1502 590 1588 Sanguine
612 1501 773 1583 fraterne,
796 1500 976 1584 fugitivus,
1000 1523 1042 1566 ne
1065 1507 1173 1566 tamen
1195 1502 1247 1566 illi

421 1607 468 1671 Tu
491 1627 598 1671 comes
622 1605 775 1687 exterior,
800 1605 828 1669 si
851 1604 1011 1690 postulet,
1035 1605 1082 1670 ire
1104 1610 1266 1671 recuses.“

423 1710 537 1793 „Utne
560 1714 670 1794 tegam
694 1730 810 1794 spurco
834 1708 959 1773 Damae
982 1708 1092 1773 latus?
1137 1708 1237 1773 Haud
1258 1708 1307 1773 ita
1329 1707 1442 1772 Troiae

422 1814 477 1878 Me
499 1812 604 1897 gessi,
628 1818 755 1877 certans
780 1834 906 1898 semper
927 1811 1154 1877 111011011111101ί
1201 1812 1313 1897 „Ergo

380 1963 382 1965 >
422 1918 550 2003 Pauper
572 1916 669 1982 eris.“
718 1917 873 2000 „Fortem
896 1916 958 1981 hoc
981 1915 1130 1980 animum
1153 1916 1289 1981 tolerare
1312 1915 1448 1980 iubebo:

376 2075 442 2123 niam
458 2072 512 2120 sine
527 2072 603 2135 longe
627 2072 759 2120 verborum
775 2071 918 2120 circuitione
992 2072 1081 2133 „Erpa
1107 2073 1213 2133 Pauper
1228 2072 1302 2119 01113ί
1327 2072 1449 2130 „Fortem
1466 2072 1513 2121 hoe

375 2160 545 2216 paupertatem
574 2153 745 2215 pertimescere
774 2159 799 2200 te
826 2151 916 2199 fateris.
957 2154 1070 2198 animum
1087 2151 1196 2198 tolerare
1211 2150 1308 2198 iubebo:
1332 2149 1372 2197 Et
1382 2151 1512 2211 quomdam

376 2232 570 2280 Wustcmannus
608 2234 689 2280 oticsis
714 2234 859 2294 ambapibas
875 2248 917 2294 pa·
957 2231 1120 2278 maternitati.
1143 2228 1387 2290 Taproteaasaada.
1406 2227 1434 2277 Si
1448 2229 1513 2278 haec

375 2312 485 2359 renthesi
493 2311 603 2368 includit,
612 2318 637 2359 et
645 2310 773 2358 istaverba
782 2310 866 2358 tribuit
875 2311 917 2360 Ti·
957 2306 1037 2354 facere
1055 2321 1106 2355 non
1123 2314 1204 2369 petes,
1230 2307 1289 2354 dicit
1315 2305 1438 2365 Tiresias,
1460 2308 1511 2358 eris

374 2392 453 2439 resiac
479 2392 584 2440 diceuu:
610 2397 640 2438 at
665 2395 765 2438 mittam
792 2393 917 2449 uzrttaoes,
957 2402 1059 2450 pauper.
1085 2386 1189 2450 Ulysses
1206 2387 1348 2448 respondet:
1367 2388 1432 2445 „sim
1449 2404 1512 2451 pau»

374 2472 433 2534 quia
449 2471 499 2518 iam
515 2471 594 2519 multa
609 2478 691 2518 tecum
706 2469 803 2517 locutus
816 2485 879 2523 sum,
893 2477 917 2517 et
957 2483 1007 2530 per.
1042 2467 1139 2516 Maiora
1155 2467 1213 2525 tuli,
1236 2482 1310 2530 quam
1327 2476 1510 2531 paupertatem.

374 2558 471 2613 ternpus
496 2558 576 2613 urget.
609 2549 759 2598 Dederlinus
782 2549 840 2596 facit
860 2563 916 2596 cum
956 2549 996 2597 Tu
1012 2555 1129 2611 protenus
1143 2548 1190 2604 dic,
1200 2548 1265 2594 unde
1276 2555 1371 2596 struem
1382 2548 1510 2599 divitias.“

373 2630 530 2687 Heindorfio,
552 2644 631 2692 neque
653 2629 728 2676 verba
745 2628 857 2677 Tiresiae
873 2629 916 2675 tri·
956 2629 1015 2677 Non
1031 2627 1143 2690 intelligo
1160 2627 1235 2675 talem
1246 2627 1389 2676 orationem.
1418 2629 1454 2677 nt
1468 2636 1507 2678 ta-

372 2707 415 2755 bui
431 2723 502 2770 posse
518 2708 658 2767 arbitratur,
675 2708 734 2770 quia
750 2706 837 2770 Ulyssi
852 2706 916 2754 mul·
957 2722 1015 2756 men
1032 2708 1095 2756 illud
1113 2708 1225 2755 amimam
1243 2708 1351 2756 tolerare
1366 2709 1453 2758 iubebo
1463 2710 1510 2757 vix

372 2787 404 2834 tis
420 2787 564 2850 respondet,
581 2794 605 2834 et
622 2786 768 2849 ambagibus
788 2788 874 2845 utitur,
891 2802 915 2835 v.
957 2786 1042 2835 referri
1064 2792 1146 2850 potest
1162 2786 1194 2833 ad
1215 2788 1284 2834 latas
1303 2789 1403 2835 Damae
1426 2793 1509 2850 tepea·

372 2881 392 2915 c.
410 2867 436 2914 in
453 2882 489 2914 vs.
506 2869 540 2915 55
556 2881 591 2929 sq.
608 2881 670 2929 quos
687 2867 722 2913 ita
738 2880 782 2928 per
799 2866 915 2927 ambages
956 2869 1028 2925 duur,
1045 2873 1073 2913 ut
1090 2866 1195 2922 diceret,
1216 2865 1352 2914 secundum
1373 2865 1508 2916 Gemmeu-

372 2947 521 2995 obscuritate
537 2946 650 3005 involvit,
666 2953 695 2993 ut
706 2944 811 3008 Ulysses
828 2956 915 3008 roget:
956 2952 1071 2994 tutorem:
1089 2953 1150 3003 „aut
1167 2946 1322 2994 subeundum
1338 2946 1445 2996 dedecus
1457 2955 1507 3007 est,

373 3027 443 3074 Nam
453 3026 539 3089 farte,
555 3041 590 3074 aa
604 3027 717 3087 prudeus
734 3026 800 3072 ludis
811 3040 860 3083 aaa,
877 3027 914 3073 ob
955 3032 998 3072 aut
1019 3025 1188 3088 amplectenda
1211 3025 1366 3088 pauperies.“
1410 3026 1442 3074 In
1465 3027 1506 3076 his

371 3119 447 3154 scura
463 3104 593 3153 canendo?
956 3119 1053 3168 queque
1064 3121 1114 3154 non
1125 3112 1162 3154 est
1173 3105 1313 3154 verosimile
1323 3105 1506 3169 Ulyssemtam

406 3187 510 3234 Turdam
536 3186 593 3233 Sive
609 3185 681 3232 aliud
694 3185 796 3245 privam
812 3185 916 3232 dabitur
956 3185 1004 3232 cito
1016 3185 1127 3234 Tiresiae
1138 3186 1276 3233 concedere.
1311 3185 1505 3248 Nec‚quisem·

372 3265 426 3324 1111,
442 3266 537 3314 devolet
557 3265 624 3312 illuc.
658 3264 680 3312 Ι.
702 3263 791 3311 Douzs
807 3265 838 3311 ad
856 3263 915 3313 Ovi·
956 3278 1000 3326 per
1016 3265 1158 3312 melioribus
1175 3270 1304 3322 certasset,
1323 3265 1418 3313 maiora
1434 3267 1503 3314 dede-

371 3345 405 3392 dii
421 3345 478 3394 Art.
496 3344 533 3393 11.
550 3343 603 3393 169.
624 3344 916 3407 Quinetiamtardeqae
955 3359 1014 3393 cera
1031 3347 1134 3393 tulerat.
1168 3344 1285 3407 Ulyssem
1301 3345 1401 3407 quidem
1419 3346 1504 3395 01Τί-

372 3427 447 3482 licet,
474 3426 597 3487 missaque
613 3425 738 3481 calaatha,
775 3425 810 3472 Te
826 3439 913 3474 namo·
954 3423 1045 3472 resiam
1061 3425 1140 3486 magis
1158 3425 1268 3472 deceret:
1291 3426 1378 3487 „Erpa
1395 3427 1504 3488 Pauper

370 3517 422 3551 rem
444 3506 557 3552 dominae
580 3504 716 3567 testificare
739 3508 812 3552 tuae.-
833 3503 914 3552 locum
954 3506 1027 3552 erar
1061 3507 1181 3562 „Fortem
1197 3505 1241 3553 boc
1263 3505 1377 3552 animum
1393 3507 1503 3555 tolerare

371 3582 471 3630 Horatii
487 3581 571 3639 affert,
588 3588 614 3629 et
629 3582 724 3631 scribit:
747 3586 798 3632 stae
817 3587 915 3647 aliquid
953 3583 1063 3632 tateb0.“
1096 3586 1152 3642 „Et
1173 3585 1297 3646 quomdam
1314 3586 1412 3634 0101010
1429 3586 1501 3632 talia·

368 3664 471 3724 privum
495 3663 600 3709 elabitur
628 3663 681 3710 tibi.
725 3654 852 3723 Prudens,
881 3680 913 3712 an
954 3663 998 3710 tif·
1041 3665 1186 3720 „Protatus
1210 3664 1277 3712 ande
1300 3666 1352 3726 sq.“
1394 3662 1501 3714 Tiresias

370 3741 525 3803 imprudens,
554 3740 648 3802 ignoro.
688 3739 738 3789 Sed
760 3757 810 3790 non
834 3743 912 3792 libens
952 3741 1069 3804 Ulyssem
1085 3747 1176 3800 tentat,
1199 3757 1231 3789 an
1252 3757 1310 3790 vere
1330 3742 1366 3790 ita
1387 3742 1500 3801 sentiret,

375 3826 469 3866 mutem
494 3833 550 3866 curn
576 3821 654 3868 attat.
680 3819 854 3884 comparanda
876 3832 913 3873 est
953 3828 982 3868 ut
999 3821 1161 3884 loquebatur,
1177 3823 1252 3885 probe
1269 3821 1358 3876 scitus,
1381 3837 1438 3870 eum
1455 3822 1497 3870 td·

370 3900 671 3963 oratioPeriplectomsnis
681 3903 746 3950 senis
758 3905 824 3965 apud
835 3903 912 3952 Plau·
952 3901 1002 3948 huc
1017 3901 1112 3963 pudore
1128 3904 1234 3964 quodam
1256 3902 1383 3965 impediri,
1405 3902 1498 3966 quomi-

370 3987 424 4027 tum
448 3980 475 4027 in
496 3979 552 4028 Mil.
579 3979 647 4029 Glor.
670 3981 720 4030 ΙΙΙ.
745 3997 763 4030 1.
791 3985 844 4032 lll.
873 3995 911 4047 sq.
952 3994 998 4027 nus
1024 3982 1183 4029 assentiretur
1206 3983 1264 4030 vati.
1300 3980 1397 4031 Callida
1422 3982 1498 4044 igitur

369 4073 442 4122 quern
464 4060 607 4108 huiusmodi
629 4068 693 4109 artes
715 4076 765 4109 non
791 4063 911 4112 latebant:
952 4065 976 4106 et
993 4057 1071 4107 iocose
1088 4059 1160 4108 dicit:
1195 4062 1296 4110 Durum
1313 4067 1390 4118 esset,
1407 4061 1497 4118 fateor,

370 4139 421 4186 Iue
441 4140 610 4188 miserrimum
630 4157 655 4189 se
676 4148 762 4199 retur,
779 4145 911 4193 minimam
951 4152 1041 4200 spurco
1056 4139 1153 4189 Damae
1168 4141 1335 4204 latustegere.
1359 4141 1430 4204 Ergo
1439 4155 1496 4203 pau·

368 4220 413 4280 qu
428 4220 498 4267 meat
514 4221 583 4268 matr.
616 4222 665 4268 aa
680 4222 747 4270 anter
771 4236 798 4271 a
813 4229 912 4272 certam
951 4232 995 4280 rer
1016 4218 1071 4267 eris·
1115 4220 1237 4269 Tolerabo
1258 4221 1305 4269 hoc
1325 4219 1383 4268 forti
1404 4221 1496 4278 animo,

368 4298 445 4347 danis.
462 4301 518 4362 Epo
529 4301 588 4348 haee
599 4316 692 4350 mecam
703 4305 818 4351 maseato:
836 4305 911 4352 Bona
952 4297 1032 4359 inquit
1046 4298 1157 4361 Ulysses.
1191 4301 1295 4358 Tolera,
1312 4301 1445 4363 respondet
1456 4300 1495 4350 Ti-

367 4391 422 4425 mea
437 4378 551 4427 inhiant:
577 4383 694 4429 certatim
715 4383 780 4430 dona
804 4384 911 4432 mittant
951 4377 1034 4425 118118·
1068 4379 1165 4428 MaiOra
1180 4380 1271 4437 tulisti,
1295 4395 1370 4443 qum
1394 4395 1495 4446 pffupflr·

367 4459 520 4507 etquenam,
536 4459 705 4523 ἱ11111ρὲ1111
723 4463 910 4513 flmmeum.
951 4463 1036 4505 tatem.
1070 4459 1159 4507 Laudo
1185 4459 1349 4508 constantiam
1372 4467 1453 4520 tuam,
1472 4466 1495 4508 et

368 4533 459 4581 biaut:
479 4539 508 4585 tu
528 4542 644 4588 caream
669 4542 777 4589 mittunt
801 4544 865 4592 dena
885 4550 910 4593 et
952 4536 1243 4601 animimagnitudinem.
1261 4537 1376 4601 ulysses,
1388 4541 1431 4604 qui
1443 4552 1493 4602 spe

367 4627 480 4663 manera,
497 4616 596 4680 Lipsius
607 4619 716 4684 legebam
728 4624 846 4672 artatam
861 4640 908 4672 nu.
951 4623 1049 4663 raserat
1066 4616 1117 4665 fore
1134 4625 1163 4666 ut
1179 4619 1286 4667 Tiresias
1303 4619 1365 4668 alios
1375 4621 1459 4669 modos
1470 4625 1493 4667 et

368 4692 464 4740 tricent
479 4701 504 4743 et
521 4708 662 4749 munerant,
952 4699 1016 4743 artes
1033 4697 1068 4745 rei
1083 4701 1233 4762 reparandae
1244 4707 1426 4750 monstraturus
1438 4700 1492 4749 fuis
