3750 5759
829 675 1013 741 LIBER
1060 677 1083 740 Ι.

428 859 486 923 Nil
510 858 618 924 obstet
642 858 723 942 tibi,
748 860 828 925 dum
851 883 892 926 ne
917 860 961 926 sit
985 867 1018 927 te
1041 862 1140 928 ditior
1163 864 1253 929 alter.

429 962 516 1042 Quid
538 963 645 1046 iuvat,
669 962 869 1029 immensum
893 969 926 1030 te
950 967 1078 1050 argenti
1100 968 1229 1051 pondus
1254 972 1287 1032 et
1311 969 1381 1033 auri

428 1064 558 1129 Furtim
582 1065 712 1130 defossa
736 1065 892 1130 timidum
916 1067 1088 1153 deponere¹
1101 1072 1205 1134 terra?

426 1168 563 1252 „Quod
588 1169 617 1234 si
640 1169 860 1253 comminuas,
886 1170 986 1234 vilem
1009 1172 1176 1257 redigatur
1199 1174 1241 1240 ad
1265 1178 1406 1240 assem.“

427 1272 489 1354 At,
515 1271 550 1336 ni
572 1272 607 1336 id
629 1272 687 1354 fit,
713 1273 791 1357 quid
815 1273 915 1339 habet
937 1275 1067 1358 pulchri
1091 1281 1297 1342 constructus
1322 1282 1478 1345 acervus?

426 1374 536 1439 Millia
558 1375 716 1441 frumenti
741 1381 798 1441 tua
822 1377 950 1442 triverit
972 1400 1047 1443 area
1069 1385 1219 1462 eentum,

425 1477 501 1543 Non
526 1484 602 1544 tuus
627 1480 688 1544 hoc
712 1478 820 1565 capiet
842 1486 956 1545 venter
978 1481 1054 1566 plus
1077 1504 1114 1547 ac
1137 1504 1248 1565 meus,
1274 1490 1311 1548 ut
1334 1484 1363 1548 si

425 1582 615 1648 Reticulum
638 1583 733 1667 panis
758 1584 889 1648 venales
913 1584 1000 1650 inter
1023 1591 1141 1651 onusto

424 1685 522 1751 Forte
545 1687 644 1752 vehas
669 1687 821 1770 humere,
848 1689 953 1754 nihilo
975 1689 1051 1774 plus
1076 1691 1234 1776 accipias,
1260 1714 1357 1776 quarn

423 1789 489 1870 Qui
513 1791 562 1856 nil
584 1791 731 1876 portarit
781 1793 843 1857 Vel
867 1793 936 1875 dic,
962 1795 1041 1879 quid
1064 1795 1182 1860 referat
1205 1794 1292 1860 intra

423 1895 569 1960 Naturae
591 1895 674 1961 fines
697 1895 839 1980 viventi,
865 1896 978 1982 iugera
1000 1904 1152 1983 centum,
1177 1922 1219 1964 an

423 1999 516 2063 Mille
540 2002 630 2064 aret?
676 2001 747 2082 „At
770 2024 870 2067 suave
894 2007 945 2067 est
969 2023 1009 2067 ex
1031 2025 1153 2088 magno
1176 2004 1289 2069 tollere
1313 2007 1460 2069 acervo.“

424 2102 513 2167 Dum
538 2125 578 2167 ex
600 2125 701 2187 parvo
725 2104 819 2169 nobis
845 2105 1054 2171 tantumdem
1076 2106 1206 2172 haurire
1229 2106 1412 2192 relinquar,

353 2291 356 2296 ¹
425 2207 491 2272 Cur
516 2212 574 2271 tua
596 2208 672 2291 plus
697 2208 810 2273 laudes
836 2210 976 2275 cumeris
998 2209 1152 2295 granaria
1175 2210 1317 2276 nostris?

428 2310 472 2375 Ut
495 2310 556 2374 tibi
582 2312 610 2375 si
635 2312 680 2376 sit
704 2334 785 2397 opus
810 2312 928 2398 liquidi
953 2335 1019 2377 non
1043 2313 1185 2398 amplius
1209 2336 1292 2378 urna

376 2485 378 2488 ¹
421 2414 484 2493 {al
508 2416 645 2498 cyatho,
670 2421 703 2481 et
726 2417 816 2482 dicas
842 2439 987 2502 „magno
1011 2418 1051 2482 de
1074 2417 1210 2482 flumine
1233 2417 1366 2500 malim,

421 2517 528 2597 Quam
552 2541 592 2584 ex
614 2519 675 2584 hoc
698 2519 858 2584 fonticulo
883 2520 1091 2585 tantumdem
1115 2525 1276 2586 sumere.“
1325 2522 1373 2587 Eo
1397 2523 1452 2605 fii,

420 2621 553 2686 Plenior
575 2628 613 2687 ut
637 2622 665 2687 si
689 2645 769 2708 quos
794 2623 934 2688 delectet
957 2623 1051 2708 copia
1075 2624 1179 2707 iuste,

421 2725 506 2790 Cum
529 2726 601 2811 ripa
625 2726 724 2792 simul
748 2728 879 2791 avulsos
904 2726 988 2791 ferat
1009 2727 1150 2792 Aufidus
1175 2750 1254 2793 acer.

419 2829 547 2930 Atqui
571 2830 692 2894 tantuli
716 2836 807 2916 eget,
833 2835 955 2915 quanto
980 2836 1031 2895 est
1055 2853 1152 2916 opus,
1179 2831 1207 2897 is
1232 2854 1336 2917 neque
1359 2833 1439 2896 limo

374 3016 462 3079 Neque
479 3016 524 3064 ille
540 3015 725 3064 iurisconsultus
740 3025 764 3064 et
777 3018 924 3066 eaussidieos
965 3019 996 3065 ad
1017 3018 1145 3066 formicam
1170 3019 1322 3080 provocatis,
1347 3032 1450 3080 eamque
1476 3019 1515 3066 hic

374 3095 483 3142 multum
500 3095 605 3143 amabat.
638 3096 705 3144 Hinc
723 3096 833 3158 Alfenus
844 3098 924 3159 auser,
965 3098 1093 3145 nominare
1111 3098 1222 3145 audetis?
1256 3097 1363 3146 Illamne
1379 3098 1514 3153 formicam,

372 3175 443 3236 casii
459 3176 564 3222 inscitia
579 3175 657 3231 iuris,
675 3177 788 3223 Labeone
803 3178 924 3235 insanior,
964 3191 1041 3238 quae,
1060 3177 1141 3224 hieme
1157 3178 1285 3235 veniente,
1303 3179 1424 3241 sapienter
1441 3185 1515 3226 antea

372 3254 430 3303 alia.
465 3256 507 3304 Ex
524 3254 701 3304 RESPONSI
713 3255 786 3302 facile
797 3255 826 3303 fit
840 3257 922 3306 PER·
963 3262 1033 3316 parto
1055 3255 1145 3313 utitur,
1168 3272 1291 3319 nusquam
1313 3258 1435 3319 prorepit,
1458 3271 1514 3304 eum

373 3335 491 3384 FIDUS.
514 3335 639 3383 Numerus
657 3334 787 3382 literarum
802 3343 839 3383 est
850 3336 923 3396 idem,
963 3348 1006 3381 vos
1025 3349 1151 3397 nunquam
1168 3337 1314 3398 quiescatis?
1342 3337 1425 3385 Habet
1440 3337 1513 3385 inter·

369 3415 459 3463 literae
476 3428 548 3477 saepe
564 3421 770 3476 transponuntur,
789 3422 813 3461 ct
830 3430 923 3477 caupo,
963 3412 1058 3473 rogatio
1092 3429 1202 3462 amaram
1234 3417 1403 3478 negationem,
1437 3431 1513 3478 quarn

371 3509 487 3557 perverse
503 3501 629 3556 acceptus,
646 3493 737 3556 optime
752 3495 865 3555 perfidus
881 3511 922 3558 ap
963 3490 1126 3539 Grammatici
1144 3502 1233 3541 vocant
1250 3496 1455 3556 oiinrqctoricm.

370 3575 486 3637 pellatur,
509 3574 643 3622 Praeterea
659 3588 690 3621 ex
702 3575 853 3636 compendiis
864 3575 922 3622 seri·
1001 3574 1037 3619 Ut
1055 3573 1101 3619 tibi
1118 3575 1141 3620 si
1157 3576 1191 3621 sit
1208 3589 1271 3635 opus
1288 3575 1381 3635 liquidi
1398 3589 1446 3621 non
1460 3590 1512 3623 am·

371 3660 459 3716 pturae
470 3653 541 3701 mille
554 3667 648 3701 errores
659 3653 921 3716 nascebantur;quam
960 3652 1031 3712 plica
1061 3667 1128 3700 urna
1174 3655 1219 3701 Vei
1249 3655 1409 3721 eputh0,‚et
1435 3655 1514 3702 dicus.

371 3733 466 3781 multae
488 3733 574 3782 literae
597 3733 622 3780 in
644 3733 726 3781 medio
742 3732 862 3795 longioris
879 3748 921 3781 vo·
963 3729 1049 3780 Oratio
1066 3746 1116 3779 non
1130 3731 1222 3792 facilis;
1240 3747 1284 3780 eur
1298 3732 1353 3796 plus
1367 3732 1454 3781 laudas
1469 3740 1512 3781 tua

369 3812 453 3860 eubuli
469 3812 586 3860 omissae!
621 3812 688 3873 Quid
704 3811 759 3860 fieri
776 3827 826 3860 non
843 3813 922 3874 potuit
963 3811 1079 3873 granaria
1095 3813 1185 3860 nostris
1202 3813 1324 3860 cumeris?
1353 3813 1388 3862 Ut
1411 3813 1432 3860 si
1450 3828 1511 3876 opus

371 3906 395 3937 v.
413 3906 433 3939 c.
451 3906 483 3939 ex
495 3890 638 3940 RESPSI?
673 3891 701 3940 Si
712 3892 833 3939 sententia
843 3892 920 3953 patia·
962 3890 1065 3938 sitnon
1088 3892 1194 3954 amplius
1217 3907 1281 3941 urna
1304 3892 1344 3940 vel
1366 3893 1470 3956 cyatho,
1488 3901 1512 3942 et

370 3968 425 4029 tur,
448 3970 483 4018 ait
501 3970 642 4034 Scioppius,
667 3971 707 4019 vel
732 3971 842 4018 maxime
864 3971 921 4018 huie
962 3969 1035 4018 dieas.
1070 3970 1212 4035 Simplicior
1227 3980 1294 4020 erat:
1317 3973 1366 4029 Ut,
1385 3974 1512 4027 tihisisit

370 4049 520 4099 criticorum
537 4051 653 4097 audaciae
669 4049 822 4112 indulgeam.
962 4063 1025 4111 apua
1050 4052 1140 4113 liquidi
1164 4066 1214 4100 non
1239 4052 1349 4114 amplius
1369 4067 1435 4100 arno
1469 4054 1512 4101 Vel

405 4132 628 4189 militatarum,
653 4131 715 4178 dum
739 4145 770 4177 ue
793 4131 826 4177 sit
845 4136 869 4178 te
885 4131 921 4176 di·
962 4132 1066 4191 cyatho,
1084 4133 1167 4181 dicas:
1186 4146 1274 4194 triceno
1291 4131 1511 4192 deflumirtemnl·

370 4211 421 4259 tior
438 4213 512 4259 ulier.
547 4210 616 4258 Haec
632 4210 733 4258 omnino
744 4209 922 4272 interrogative
963 4210 1010 4257 lem
1048 4210 1132 4266 Quum
1150 4225 1181 4257 ec
1198 4211 1241 4257 hoe
1251 4208 1381 4270 fonticulo
1398 4215 1509 4258 tantum·

371 4291 492 4338 sumenda
508 4297 582 4338 sunt:
607 4291 665 4337 dum
690 4305 722 4337 ne
743 4290 778 4337 sit
804 4296 828 4338 te
845 4291 923 4338 ditior
963 4289 1017 4336 dem
1034 4291 1146 4337 auertere?
1180 4287 1233 4335 Cur
1251 4302 1282 4334 ex
1299 4289 1396 4349 magnis
1413 4289 1508 4350 potius,

371 4370 460 4418 citer?
493 4369 622 4420 Sententia
646 4369 671 4416 in
700 4383 737 4416 vs.
763 4369 795 4417 :36
812 4369 922 4432 incepta,
962 4381 1036 4429 quam
1062 4382 1093 4414 ex
1118 4368 1201 4429 parvis
1228 4367 1300 4413 rebus
1327 4373 1438 4414 ventrem
1460 4369 1506 4416 im-

373 4450 411 4497 hie
427 4448 520 4498 finitur*
538 4450 609 4497 aiunt
626 4463 652 4496 se
668 4447 760 4495 imitari
778 4448 921 4510 exemplum
962 4446 1045 4509 plcas?
1087 4447 1145 4494 Non
1176 4447 1242 4494 enim
1273 4453 1324 4492 tam
1351 4445 1442 4495 stultus
1468 4463 1507 4504 es,

372 4529 503 4588 formicae,
528 4544 605 4594 quae,
631 4529 802 4592 quodcumque
829 4535 921 4589 potest,
962 4534 990 4573 ut
1015 4525 1091 4574 dicas:
1114 4524 1216 4573 mallem
1238 4525 1355 4587 cyathum
1373 4541 1450 4589 aquae
1476 4543 1508 4575 ex

370 4623 414 4657 ore
430 4609 519 4667 trahit,
545 4617 569 4657 et
592 4623 681 4656 acervo
706 4608 786 4664 addit,
810 4622 860 4655 non
885 4608 921 4655 in·
962 4620 1053 4668 magno
1072 4605 1172 4653 flumine
1189 4619 1262 4668 quem
1281 4620 1311 4652 ex
1330 4605 1446 4655 fonticulo
1464 4623 1505 4656 su-

369 4696 444 4737 canta
453 4689 537 4738 futuri.
555 4689 673 4737 Horatius
683 4689 820 4750 respondet:
836 4687 921 4736 Vosne
962 4688 1043 4734 mere?
1130 4698 1134 4705 ‘
