3750 5759
421 707 456 748 lv
969 729 1006 738 -.

421 871 478 929 bns
500 871 717 931 Hollandornm
741 873 773 930 in
792 873 872 930 omni
893 880 959 932 arte
981 883 1013 931 et
1033 873 1170 932 doctriua
1184 877 1353 952 conspicuis
1367 878 1552 936 absolvendo

420 996 500 1035 mors
521 978 692 1053 occupavit,
716 987 876 1054 postquam
896 978 973 1036 duos
995 987 1025 1036 et
1046 981 1238 1055 septuaginta
1259 1001 1353 1042 annos
1375 983 1504 1042 vixerat.

461 1083 582 1142 Tertius
603 1084 782 1155 amicorum,
804 1083 884 1142 binis
905 1083 972 1141 istis
989 1085 1070 1141 omui
1085 1085 1230 1144 virtutum
1244 1105 1353 1162 genere
1369 1108 1439 1164 par,
1455 1091 1552 1148 Abra-

419 1189 525 1246 hamns
546 1188 697 1260 Vriesius,
720 1199 880 1262 utrumque
901 1190 1030 1246 vivendo
1053 1189 1136 1248 vicit.

460 1293 560 1352 Natus
580 1295 797 1352 Amstclodami
818 1313 846 1353 a.
862 1294 892 1351 d.
914 1311 964 1351 xx
978 1295 1095 1372 Aprilis
1117 1313 1323 1370 unccuxxm,
1341 1319 1418 1375 puer
1437 1301 1548 1375 ingenii

419 1401 492 1458 mire
513 1400 633 1472 docilis,
656 1401 791 1459 eruditus
811 1401 1040 1477 disciplinarum
1061 1403 1233 1474 elementis,
1259 1406 1368 1478 quibua
1390 1407 1443 1464 illa
1465 1417 1549 1465 aetas

419 1507 619 1578 formabatur,
651 1516 767 1564 mature
800 1507 831 1564 in
864 1506 1062 1583 Gymnasium
1094 1509 1188 1566 venit.
1230 1510 1356 1569 Privato
1388 1513 1419 1569 in
1445 1512 1549 1588 lingua

419 1614 540 1674 Graeca
561 1623 591 1671 et
611 1613 721 1671 Latina
743 1622 940 1689 praeceptore
962 1615 1106 1672 utebatur
1129 1614 1223 1672 Petro
1237 1614 1457 1688 Nienwlando,
1485 1619 1547 1692 qni,

419 1720 564 1778 educatus
584 1720 616 1777 in
638 1721 725 1777 domo
746 1720 924 1796 Hieronymi
945 1719 1081 1792 Boschii,
1102 1720 1217 1778 semina
1238 1731 1378 1793 naturae,
1402 1723 1440 1780 ad
1461 1725 1548 1781 mira-

418 1827 519 1885 culum
543 1825 605 1883 fere
631 1825 781 1898 fautricis,
810 1825 981 1883 incredibili
1002 1826 1158 1884 celeritate
1185 1828 1224 1885 ad
1253 1829 1459 1886 maturitatem
1480 1849 1548 1905 per·

417 1931 515 1988 duxit.
557 1931 661 2001 Hunc,
690 1939 724 1987 ut
749 1939 855 2006 postea
883 1931 982 1988 Eliam
1007 1931 1110 1989 Annei
1142 1931 1163 1989 f.
1193 1932 1371 2007 Borgerum,
1401 1934 1548 1993 Neerlan-

417 2036 485 2094 diae
508 2046 539 2094 et
559 2036 741 2093 Academiae
764 2045 883 2093 nostrae
906 2044 1023 2094 tantum
1045 2036 1203 2095 ostendere
1220 2036 1287 2094 Deo
1306 2039 1434 2114 placuit,
1457 2041 1548 2098 docu-

417 2152 532 2214 menta,
558 2160 645 2199 veras
666 2141 770 2198 landes
792 2158 848 2198 neo
868 2159 962 2215 genus
985 2151 1162 2216 exspectare
1181 2161 1236 2200 neo
1258 2162 1367 2216 annos,
1390 2152 1546 2220 tutamque

416 2248 522 2306 virtuti
548 2255 578 2305 et
604 2247 757 2322 praesenti
790 2255 821 2304 et
851 2265 889 2303 ex
916 2247 1012 2305 oculis
1037 2249 1176 2305 sublatae
1203 2259 1340 2308 constare
1367 2253 1545 2310 mercedem.

417 2355 591 2430 Principem
607 2353 638 2410 in
655 2352 822 2429 Gymnasio
838 2353 937 2409 locum
955 2354 1079 2410 tenebat
1094 2354 1226 2412 Riohens
1242 2354 1452 2428 Ommerenns,
1471 2361 1546 2416 mul·

416 2471 466 2520 tae
488 2462 540 2519 ille
560 2469 591 2517 ct
611 2461 757 2534 elegantis
776 2460 945 2529 doctrinae,
962 2476 1077 2532 suaque
1092 2459 1270 2519 instituendi
1285 2471 1349 2519 arte
1366 2464 1544 2523 celebratus.

416 2566 452 2623 In
478 2565 539 2623 illis
560 2564 737 2640 temporibus
758 2563 941 2622 Neerlandia
961 2573 1023 2620 erat
1037 2565 1132 2622 omnis
1147 2566 1242 2624 divisa
1255 2567 1286 2623 in
1302 2569 1374 2624 duas
1389 2568 1544 2641 factiones,

416 2691 505 2729 unam
526 2668 739 2746 Orangiorum,
766 2672 889 2729 alteram
914 2670 1113 2730 Patriotarum
1134 2673 1222 2749 vulgo
1244 2674 1430 2732 nominatam.
1474 2674 1545 2735 Om-

415 2796 550 2836 merenus
586 2788 719 2836 veterum
752 2779 878 2854 scripta,
918 2779 1094 2854 praesertim
1124 2785 1294 2854 poetarum,
1325 2781 1445 2839 Horatii
1473 2790 1544 2837 ante

415 2903 532 2956 omnes,
555 2885 598 2941 sic
619 2885 809 2961 explicabat,
831 2894 879 2956 nt,
902 2885 954 2959 qui
976 2884 1080 2955 domo,
1103 2859 1300 2959 popularibus
1322 2886 1457 2957 inimica,
1481 2906 1541 2943 non

413 2991 536 3048 afferret
557 3009 688 3048 amorem
709 2991 874 3061 libertatis,
895 2991 939 3048 ibi
959 2991 1132 3060 imbiberat,
1155 2989 1208 3046 alii
1229 2991 1323 3065 magis
1345 2992 1542 3050 incenderen-

413 3106 473 3153 tur.
515 3096 564 3152 Ex
586 3094 751 3176 Gymnasio
771 3095 892 3152 transiit
909 3095 942 3151 in
956 3095 1163 3165 Athenaeum,
1185 3093 1413 3170 Wyttenbaohii
1427 3107 1458 3154 et
1477 3115 1541 3154 cae·

413 3211 546 3258 terornm
564 3201 720 3283 praeclara
740 3200 832 3257 laude
854 3200 1025 3258 florentium
1046 3199 1179 3257 virorum
1207 3201 1346 3259 assiduus
1369 3204 1489 3262 auditor
1512 3213 1542 3261 et

413 3307 587 3383 discipulus
634 3306 695 3366 Sua
721 3315 751 3363 et
777 3314 935 3381 parentum
963 3305 1118 3363 voluntate
1145 3305 1313 3363 destinatus
1341 3308 1539 3384 Theologiae,

413 3431 503 3487 quam
529 3421 612 3470 secta
639 3412 947 3488 Teleiobaptistarum
973 3411 1146 3487 profitetur,
1179 3412 1346 3488 legitimum
1375 3413 1541 3470 studiorum

411 3521 470 3579 iter
490 3521 553 3578 fere
574 3539 727 3592 emensus,
751 3522 841 3578 rebus
862 3539 894 3577 se
916 3520 1056 3577 civilibus
1077 3519 1248 3576 immiscuit.

452 3627 537 3684 Idem
565 3626 662 3683 fecere
688 3626 793 3697 multi,
822 3644 896 3699 qnos
925 3626 956 3682 in
986 3625 1089 3683 schola
1116 3623 1295 3684 Ommerena
1320 3624 1540 3700 condiscipulos

411 3732 527 3789 habuit.
556 3731 699 3805 Plerique
716 3749 851 3802 cursum,
867 3731 960 3787 semel
975 3730 1115 3805 petitum,
1132 3729 1335 3800 retinuerunt,
1351 3729 1444 3803 gestis
1458 3728 1541 3784 dein·
1555 3756 1558 3760 ⁴

412 3855 482 3913 ceps
503 3836 667 3893 honoribus
686 3835 836 3905 illustres,
859 3845 928 3911 post
943 3835 1072 3892 reditum
1089 3852 1208 3908 quoque
1222 3835 1321 3909 gentis
1336 3834 1537 3902 Arausiacae,

349 3941 353 3953 ’
412 3963 479 4002 cum
505 3942 670 3999 discordiae
698 3959 822 4016 prorsus
851 3949 952 3998 essent
980 3940 1157 3999 exstinctae.
1205 3938 1274 4013 Qua
1302 3940 1333 3997 in
1360 3958 1393 3997 re
1420 3939 1538 4013 egregie

411 4050 560 4108 communi
585 4049 701 4125 patriae
735 4034 958 4104 consuluerunt.
1000 4046 1139 4104 Vriesins
1157 4047 1243 4103 brevi
1260 4055 1417 4121 expertus,
1440 4045 1472 4102 in
1486 4045 1539 4101 illo

411 4156 507 4232 primo
527 4154 693 4212 animorum
704 4152 820 4227 ¹ardore
841 4152 939 4210 locum
954 4151 1132 4228 prudentiae
1148 4161 1179 4208 et
1192 4150 1389 4208 moderationi
1405 4148 1456 4206 vix
1471 4167 1535 4207 esse

409 4262 561 4332 relictum,
582 4277 726 4333 suamque
748 4267 885 4317 naturam
906 4260 1010 4317 minns'
1027 4267 1129 4334 aptam
1148 4257 1283 4323 theatro,
1310 4257 1391 4330 quod
1412 4255 1536 4313 libidine

410 4367 486 4424 levis
504 4366 609 4442 populi
630 4375 660 4423 et
681 4365 822 4422 fluctibns
843 4366 1033 4436 concionum,
1056 4373 1209 4438 tamquam
1231 4382 1313 4422 mare
1335 4363 1449 4433 ventis,
1472 4380 1538 4437 per·

411 4481 501 4548 petuo
522 4471 701 4546 agitaretur,
724 4469 810 4528 brevi
831 4471 869 4528 ad
886 4489 942 4528 sua
956 4470 1056 4528 studia
1070 4470 1168 4527 rediit.
1189 4470 1260 4545 Ipse
1275 4470 1391 4526 nullum
1405 4484 1536 4540 unquam

411 4578 491 4653 apud
512 4596 559 4634 me
580 4578 706 4634 verbnm
726 4576 764 4634 de
786 4576 843 4633 isto
858 4586 992 4652 tempore
1007 4575 1088 4633 fecit.
1116 4572 1231 4634 Caussa
1245 4584 1360 4646 tamen,
1384 4593 1438 4632 cur
1456 4582 1536 4630 tace·

410 4692 468 4756 ret,
491 4683 575 4740 nulla
595 4682 716 4740 omnino
738 4683 869 4741 suberat.
911 4682 1008 4739 Miror
1022 4682 1098 4738 adeo
1113 4690 1144 4739 et
1158 4680 1234 4738 alios
1247 4682 1430 4739 excellentes
1445 4679 1535 4749 viros,
