3750 5759
817 671 1000 737 LIBER
1047 672 1071 735 l.

775 896 1011 962 SATIRA
1057 898 1112 962 IV.

460 1047 605 1147 Eupolis
628 1053 727 1147 atque
751 1063 904 1128 Cratinus
927 1063 1229 1151 Aristophanesque
1253 1070 1367 1151 poetae

414 1163 525 1249 Atque
547 1164 624 1249 alii,
649 1187 786 1251 quorum
811 1167 979 1233 comoedia
1000 1168 1109 1253 prisca
1131 1168 1275 1234 virorum
1298 1175 1368 1253 est,

416 1268 452 1334 Si
476 1268 549 1354 quis
572 1273 642 1334 crat
664 1269 786 1355 dignus
809 1270 966 1355 describi,
991 1273 1078 1357 quod
1102 1272 1209 1339 malus
1233 1279 1291 1340 aut
1314 1274 1385 1356 fur,

416 1371 510 1451 Quod
531 1373 686 1439 moechus
710 1373 794 1440 foret
816 1379 874 1439 aut
900 1374 1037 1441 sicarius
1061 1379 1119 1441 aut
1142 1376 1265 1463 alioqui

415 1475 591 1560 Famosus,
615 1478 722 1543 multa
745 1501 820 1544 curn
843 1478 996 1545 libertate
1019 1481 1188 1546 notabant.

417 1580 505 1646 Hinc
528 1580 636 1646 omnis
659 1582 781 1668 pendet
804 1582 968 1666 Lucilius,
992 1583 1090 1650 hosce
1114 1589 1286 1671 sequutus,

416 1684 556 1750 Mutatio
584 1689 715 1750 tanturn
739 1686 876 1771 pedibus
900 1687 1128 1775 numerisque,
1152 1688 1296 1771 facetus,

416 1788 600 1854 Emunctae
622 1788 730 1872 naris,
754 1788 854 1856 durus
879 1811 1071 1875 componere
1095 1796 1229 1857 versus'

415 1891 502 1956 Nam
524 1890 590 1956 fuit
611 1892 673 1957 hoc
695 1892 853 1958 vitiosus:
877 1893 914 1958 in
937 1894 1017 1959 hora
1040 1916 1136 1981 saepe
1159 1895 1334 1978 ducentos,

336 2068 341 2077 ¹
415 1995 463 2061 Ut
485 2017 662 2081 magnum,
686 2019 799 2063 versus
823 1997 970 2063 dictabat
993 2003 1085 2064 stans
1108 1999 1191 2085 pede
1212 1998 1248 2063 in
1271 2020 1345 2064 uno.

415 2098 526 2178 Quum
547 2098 663 2165 flueret
686 2100 890 2185 lutulentus,
914 2107 984 2166 erat
1007 2101 1094 2187 quod
1118 2102 1232 2168 tollere
1254 2103 1373 2169 velles:

416 2201 576 2268 Garrulus
599 2208 698 2289 atque
720 2203 814 2290 piger
837 2205 1000 2270 scribendi
1023 2205 1106 2272 ferre
1128 2205 1289 2290 laborem,

415 2304 586 2371 Scribendi
608 2311 709 2385 recte;
735 2328 813 2371 nam
837 2313 875 2373 ut
897 2307 1058 2392 multum,
1082 2307 1132 2373 nil
1155 2330 1271 2378 moror.
1321 2309 1421 2392 Ecce,

538 2495 677 2545 SATIRA
703 2496 751 2545 IV·
953 2469 1051 2531 flueret
1075 2472 1227 2527 lutulentas,
1252 2476 1309 2519 erat
1334 2471 1400 2532 qaod
1420 2471 1507 2520 tollere

960 2551 1040 2598 vallea
1077 2551 1146 2598 Nam
1153 2549 1210 2612 suit
1222 2551 1387 2606 bocaitiosus,
1404 2551 1433 2597 iri
1445 2551 1506 2597 horo

406 2590 496 2704 Quod
511 2629 593 2676 nialus
608 2627 720 2691 arcister.
739 2626 919 2677 Bentleiusde·
959 2641 1031 2690 saepe
1053 2631 1184 2688 ducerrtos,
1214 2629 1246 2676 Ut
1268 2644 1398 2691 rrirryrrum,
1421 2643 1507 2676 reram

370 2706 447 2755 tendit
459 2722 488 2756 ae
493 2707 554 2771 fur,
564 2707 728 2770 interpretans
739 2708 770 2755 de
781 2708 867 2756 eodem
875 2707 918 2755 ho·
959 2708 1073 2756 dictabat
1088 2713 1161 2756 stans
1175 2709 1237 2770 pede
1247 2710 1276 2755 in
1287 2723 1351 2767 urio,
1370 2709 1508 2766 Garrulus,

370 2787 448 2835 mine:
466 2789 550 2836 malus
567 2803 597 2836 ac
606 2786 672 2852 fur,
689 2801 735 2850 pro
751 2786 833 2845 vafer,
850 2791 918 2834 astu·
959 2792 1036 2848 atque
1054 2788 1127 2849 piper
1148 2788 1273 2836 scribendi
1286 2787 1362 2849 ferre
1383 2788 1506 2846 lotorem,

370 2873 422 2926 tus,
439 2866 520 2916 malus
537 2881 567 2915 ac
583 2866 686 2929 proinde
702 2864 750 2914 fur.
773 2865 918 2925 Enimvero,
959 2865 1087 2914 Scribentti
1097 2872 1178 2915 recte:
1198 2865 1309 2914 Lucilius
1327 2870 1380 2913 erat
1391 2866 1469 2914 durus
1482 2867 1507 2914 in

368 2947 420 2996 sivo
436 2947 550 3010 legamus
567 2962 597 2995 rte
613 2945 667 2994 sivo
683 2950 742 3003 eat,
758 2943 820 2992 illud
834 2946 918 2994 malus
956 2945 1132 3008 compositione
1151 2960 1274 2994 versuum.
1301 2945 1435 3007 Propterea
1454 2945 1508 2994 fluit

368 3027 504 3075 orationem
530 3026 648 3088 impedit,
672 3031 698 3073 et
722 3023 801 3073 multo
825 3025 916 3074 rectius
956 3023 1101 3083 lutulentus
1119 3032 1143 3073 et
1160 3031 1205 3084 est,
1225 3025 1290 3088 quod
1306 3024 1404 3072 demere
1424 3023 1507 3074 velles.

369 3105 466 3167 aberat,
491 3107 550 3171 quia
574 3111 599 3154 et
619 3102 755 3167 simplicius
778 3109 816 3152 est
837 3105 916 3153 nomi·
956 3104 1067 3152 Laborat
1084 3105 1227 3168 praesertim
1243 3104 1427 3166 compositione,
1453 3106 1509 3154 Hoc

368 3200 427 3235 nare
437 3186 543 3250 furem,
561 3190 591 3231 ut
606 3186 741 3245 moechum,
757 3187 917 3236 confirmet
956 3184 1101 3246 primarium
1118 3183 1184 3232 illius
1201 3185 1298 3232 vitium.
1325 3183 1431 3242 Caussa,
1448 3186 1507 3248 quia

362 3265 500 3328 famosum.
517 3263 916 3329 Coniecizquodplunusautfur.
956 3263 1035 3312 multa
1045 3265 1127 3312 subito
1143 3264 1262 3322 dictabat,
1279 3263 1395 3313 continuo
1414 3265 1506 3327 garrie-

367 3344 414 3394 His
430 3342 557 3408 aptissime
573 3341 760 3405 subiunguntur
771 3343 839 3405 quod
855 3359 915 3393 moe·
956 3342 1006 3402 bat,
1018 3359 1067 3392 non
1079 3344 1159 3392 ferens
1171 3343 1295 3401 laborem,
1311 3343 1353 3405 qui
1369 3344 1507 3405 postulatur

366 3429 440 3484 cirus,
466 3425 653 3484 autscarius,
679 3428 726 3470 aut
747 3424 859 3485 alioquin
870 3424 916 3488 sa·
957 3423 988 3469 ad
1005 3429 1071 3470 recte
1088 3421 1252 3470 scribendum.
1270 3421 1340 3471 Fluit
1351 3422 1503 3482 lutulentus,

367 3523 454 3556 morus.
495 3505 562 3554 Bina
591 3502 653 3552 vitia
682 3502 740 3550 bina
768 3510 914 3567 sequuntur.
956 3504 999 3566 qui
1010 3503 1084 3550 duros
1096 3516 1182 3550 versus
1193 3500 1310 3559 effundit,
1329 3516 1389 3564 quos
1407 3501 1505 3552 Lucilio

368 3588 469 3635 Planus
485 3589 523 3633 est
538 3583 604 3645 apud
620 3583 708 3632 Horat.
721 3583 742 3632 Ι.
760 3584 840 3647 Epist.
851 3583 915 3634 VH.
956 3582 1064 3630 adimere
1075 3588 1099 3630 et
1110 3581 1224 3629 meliores
1236 3580 1384 3628 substituere
1395 3594 1503 3643 cuperes.

366 3665 405 3714 58.
431 3666 487 3713 Nec
502 3665 577 3711 eenael
593 3663 688 3710 iremus
703 3663 788 3712 triviis
798 3665 916 3714 attollere
991 3664 1060 3709 Nam
1084 3666 1114 3708 rtt
1139 3662 1261 3718 multam,
1288 3661 1326 3708 nit
1352 3675 1440 3709 moror.
1476 3659 1504 3710 Si

366 3749 441 3794 curat
460 3744 556 3792 Fracto
566 3756 640 3791 crure
649 3743 765 3804 planam.
782 3741 832 3791 Ubi
841 3740 914 3791 Com·
955 3741 1069 3791 Lucilius
1085 3754 1152 3788 nunc
1169 3739 1277 3797 viveret,
1301 3740 1336 3788 ait
1352 3741 1441 3790 Horat.
1459 3738 1504 3790 Sa-

365 3830 500 3873 mentator:
518 3833 656 3882 „erronem
667 3819 837 3868 mendaeem.“
853 3819 914 3868 Vox
955 3821 995 3869 tir.
1013 3820 1036 3869 Ι.
1054 3835 1081 3870 x.
1099 3819 1139 3868 68.
1157 3823 1280 3869 detereret
1294 3820 1343 3868 sibi
1359 3820 1454 3875 matta,
1468 3834 1505 3868 re·

366 3919 464 3969 quoque
485 3909 601 3964 corrupta
621 3899 649 3947 in
665 3914 757 3958 vanus,
777 3906 805 3946 ut
822 3899 848 3946 in
865 3898 914 3948 Iul.
956 3902 1062 3957 rideret,
1073 3906 1152 3962 caput
1162 3902 1279 3955 erutuet,
1292 3914 1386 3961 unques
1402 3900 1506 3948 roderet.

367 3983 471 4048 Capitol.
489 3983 542 4032 rita
563 3981 600 4029 M.
617 3978 717 4028 Aurelii
742 3981 779 4028 13,
799 3980 915 4028 restituta
956 3979 1005 4030 Sed
1022 3979 1134 4028 Lucilius
1151 3986 1218 4028 stans
1235 3978 1297 4041 pede
1314 3977 1340 4025 in
1356 3993 1420 4035 uno,
1442 3979 1505 4028 mire

366 4079 398 4112 ex
414 4063 492 4113 MSS.
510 4078 525 4110 a
541 4059 648 4111 casaub.
665 4065 690 4106 et
704 4057 833 4109 Salmasio.
859 4058 914 4106 Iam
957 4058 1094 4108 festinabat.
1131 4057 1202 4127 Talis
1219 4059 1291 4120 putta
1308 4057 1393 4105 scribit
1409 4059 1506 4114 multa,

366 4141 525 4193 Laberiusin
536 4140 747 4190 Mimisususest.
776 4136 871 4187 Gellius
881 4138 915 4186 N.
956 4152 1006 4186 non
1032 4140 1146 4186 crottum.
1185 4135 1280 4199 Optimi
1304 4136 1418 4199 magistri
1442 4134 1505 4184 illud

367 4223 400 4274 A.
431 4223 521 4273 XVL:
550 4234 716 4285 „quamquam
741 4221 849 4280 plurium
870 4233 916 4282 pro
958 4218 1066 4266 multum
1083 4215 1154 4264 valde
1171 4217 1351 4265 commendant.
1372 4215 1460 4264 Cicero
1476 4215 1505 4263 de

367 4305 523 4366 sycophanta
539 4302 577 4350 M.
593 4313 690 4363 quoque
709 4297 796 4348 Cicero
818 4299 844 4346 iu
864 4313 916 4347 ora·
958 4296 1062 4347 Oratore
1079 4298 1101 4344 Ι.
1118 4298 1157 4344 33.
1184 4297 1269 4358 Caput
1280 4301 1364 4344 autem
1375 4299 1420 4350 est,
1431 4294 1504 4356 quod,

365 4381 431 4430 tione
440 4381 559 4444 scripturn
567 4379 679 4444 reliquit,
689 4392 763 4442 quam
771 4392 817 4441 pro
826 4376 917 4427 Cluen·
959 4383 989 4426 at
1005 4392 1062 4426 cere
1078 4378 1173 4434 diram,
1190 4376 1291 4423 mininie
1301 4374 1424 4435 factitias.
1453 4375 1505 4422 Est

367 4461 497 4510 dodixitf‘
515 4458 587 4510 Cous.
597 4459 641 4508 int.
653 4460 684 4508 ad
695 4459 797 4508 Patron.
809 4457 860 4509 Sat.
876 4457 916 4506 82.
958 4458 1024 4506 eninr
1040 4457 1125 4518 rrroqrc'
1136 4456 1241 4512 loboris,
1257 4469 1328 4515 quem
1337 4453 1452 4515 plerique
1456 4453 1504 4515 fa-

400 4542 490 4590 Durus
511 4555 655 4602 componere
676 4553 770 4588 sersus.
808 4537 917 4588 Omnino
957 4538 1052 4600 pimus,
1078 4550 1154 4597 quom
1175 4534 1316 4596 plurimam
1340 4533 1458 4581 scribere:
1482 4539 1506 4580 et

367 4621 452 4670 melior
469 4620 592 4670 sententia
608 4634 640 4668 ex
657 4616 916 4680 hocordineproflue-
959 4615 1060 4664 deinde:
1088 4615 1147 4662 baec
1174 4618 1235 4661 suat
1256 4628 1320 4676 quae
1341 4614 1460 4662 clariores
1482 4618 1506 4660 et

369 4710 417 4750 ret:
446 4704 539 4752 Duras
565 4715 706 4764 cornponere
732 4713 831 4748 susus:
852 4697 915 4746 Cam
936 4731 938 4768 ,
958 4693 1188 4744 rrdrrirutr'onesin
1209 4691 1276 4742 bonis
1293 4693 1435 4741 oratoribus
1453 4693 1505 4753 effi·
