3750 5759
440 709 458 767 d
832 682 1187 763 SATIRARUM

485 886 635 953 Audaces
660 908 748 951 mare
771 885 828 971 qui
851 888 997 966 currunt,
1022 885 1082 948 hac
1106 885 1216 947 mente
1240 879 1383 945 laborem

475 989 563 1055 'Sese
587 990 689 1072 ferre,
715 1010 808 1054 senes
831 994 870 1052 ut
893 988 927 1051 in
952 987 1020 1052 otia
1044 992 1117 1052 tuta
1140 984 1310 1066 recedant,

484 1091 607 1177 Aiunt,
634 1115 734 1179 quum
761 1091 824 1158 sibi
848 1092 916 1158 sint
939 1096 1096 1176 congesta
1118 1087 1256 1155 cibaria:
1282 1086 1368 1152 sicut

488 1197 645 1279 Parvula,
670 1218 748 1261 nam
772 1195 922 1280 exemplo
946 1202 1014 1278 est,

1039 1194 1152 1279 magni
1176 1191 1312 1257 formica
1334 1188 1470 1271 laboris,

488 1301 551 1367 Ore
574 1301 677 1366 trahit
700 1300 927 1386 quodcumque
950 1303 1080 1387 potest,
1105 1303 1204 1384 atque
1228 1295 1321 1361 addit
1344 1315 1476 1374 acervo,

488 1404 592 1485 Quem
616 1404 731 1487 struit,
755 1403 844 1468 baud
868 1403 1001 1488 ignara,
1026 1424 1153 1468 aenon
1177 1400 1310 1465 incauta
1334 1395 1446 1463 futuri.

488 1509 596 1590 Quae,
621 1507 722 1574 simul
745 1507 911 1572 inversum
935 1506 1111 1572 contristat
1133 1504 1300 1590 Aquarius
1324 1522 1465 1581 annum,

487 1613 563 1677 Non
587 1633 727 1697 usquam
750 1610 895 1696 prorepit
918 1619 951 1674 et
974 1609 1042 1674 illis
1067 1609 1173 1674 utitur
1196 1612 1272 1672 aute

489 1715 654 1796 Quaesitis
678 1714 827 1800 sapiens,
852 1736 953 1799 quum
978 1718 1010 1778 te
1033 1735 1137 1799 neque
1160 1710 1303 1777 fervidus
1327 1714 1437 1774 aestus

489 1820 670 1885 Demoveat
693 1819 802 1900 lucr0,
828 1840 932 1903 neque
955 1818 1081 1895 hiems,
1106 1817 1212 1901 ignis,
1236 1836 1340 1896 mare,
1365 1812 1503 1892 ferrum,

443 1936 625 1985 iurisconsultis
645 1951 789 1998 responsum
805 1943 830 1984 et
846 1937 992 1998 respondere
1033 1933 1159 1983 consultus
1174 1934 1265 1982 vendit.
1293 1933 1340 1980 Est
1354 1935 1477 1979 mercatus
1486 1942 1583 1992 respon-

443 2030 517 2065 nemo
533 2017 638 2078 ignorat.
672 2016 777 2065 Veteres
794 2014 834 2062 illi
850 2015 877 2063 in
893 2030 992 2078 respon·
1034 2029 1124 2063 sorum.
1159 2012 1282 2062 Venditor
1310 2025 1383 2073 saepe
1420 2009 1482 2058 falsa
1520 2008 1584 2058 veris

443 2096 523 2143 dendo
539 2094 680 2157 spectabant
696 2093 813 2142 honorem
825 2100 849 2141 et
860 2094 992 2143 utilitatem
1035 2094 1168 2152 immiscet,
1186 2099 1214 2140 ut
1230 2105 1308 2153 caupo
1324 2104 1414 2153 aquam
1431 2091 1498 2137 rino.

443 2174 563 2230 civitatis,
580 2173 624 2220 alii
641 2173 729 2220 deinde
746 2187 816 2220 suam
833 2173 935 2222 minime
952 2188 993 2221 ne·
1069 2173 1123 2222 Alii
1149 2178 1252 2220 utuntur
1273 2169 1417 2217 auctoritate
1441 2169 1584 2224 Ernestina,

444 2252 584 2316 gligcbant,
605 2251 656 2299 imo
672 2252 743 2299 unice
761 2251 811 2299 fere
826 2251 896 2299 lucro
913 2253 993 2299 stude·
1036 2267 1049 2302 e
1070 2254 1140 2301 Max.
1165 2251 1238 2314 Tyrii
1260 2250 1364 2299 Dissert.
1383 2248 1418 2295 X.
1442 2254 1540 2310 gratam
1556 2245 1584 2293 il-

445 2330 511 2378 bant.
538 2329 629 2377 Noster
645 2337 710 2378 certe
727 2330 866 2386 consultus,
883 2337 911 2378 ut
928 2331 995 2390 socii,
1036 2333 1086 2380 lam
1103 2331 1281 2395 negligentiam
1300 2328 1463 2385 defendentis,
1483 2339 1584 2389 eamque

445 2409 533 2472 quibus
545 2409 664 2456 Horatius
676 2409 782 2467 addidit,
799 2409 871 2457 rebus
883 2409 933 2457 suis
945 2423 993 2457 non
1037 2413 1068 2459 ad
1076 2412 1159 2459 locum
1168 2408 1267 2459 Horatii
1277 2406 1452 2470 explicandum
1464 2420 1476 2453 r
1492 2405 1583 2458 ferunt:

444 2496 498 2536 erat
514 2495 655 2546 contentus,
676 2496 700 2538 et
718 2489 827 2537 laborem
846 2489 950 2547 ferebat,
968 2495 996 2536 ut
1037 2507 1083 2554 ego
1099 2499 1156 2539 utar
1173 2491 1283 2538 ciusdem
1300 2489 1371 2536 Max.
1385 2485 1458 2548 Tyrii
1470 2419 1584 2548 Aiiemplo

444 2580 521 2614 senex
538 2568 565 2614 in
587 2568 636 2616 otia
657 2575 710 2615 tuta
731 2569 860 2616 recederet.
895 2566 994 2631 Cogita·
1037 2587 1050 2619 e
1070 2571 1176 2620 Dissert.
1193 2570 1227 2618 V.
1245 2570 1276 2616 ad
1293 2566 1502 2622 confirmandum,
1520 2565 1584 2628 quod

444 2645 486 2692 bat
502 2645 557 2702 ille,
574 2647 639 2709 quod
656 2654 692 2694 est
708 2647 773 2709 apud
784 2647 903 2695 Plautum
916 2648 993 2696 Mero.
1037 2651 1190 2699 divinabam:
1209 2650 1320 2711 responsi
1336 2649 1376 2703 bic
1392 2660 1479 2706 οοιιμο.

444 2723 495 2773 III.
513 2739 541 2774 11.
559 2725 582 2775 7.
617 2728 766 2775 Adolescens
788 2741 844 2774 ιυοι
860 2728 909 2788 sia,
927 2732 994 2789 tum,
1070 2731 1118 2780 Ille
1145 2728 1282 2778 Horatiana
1305 2733 1361 2774 ante
1383 2725 1467 2774 oculos
1489 2724 1584 2780 habuit,

444 2818 499 2853 curn
511 2811 547 2853 est
558 2808 662 2868 οσηριιίσ
672 2808 775 2868 inteper,
794 2807 843 2854 Ra·
853 2813 912 2855 tace
922 2823 995 2869 quoe·
1037 2813 1102 2874 quod
1115 2811 1164 2858 iam
1178 2807 1351 2856 animadvertit
1381 2805 1520 2854 Marcilius.
1537 2805 1584 2853 Ne-

443 2886 536 2934 reudae
547 2886 661 2935 convenit
671 2901 773 2948 operam
790 2887 865 2934 dure:
884 2889 995 2936 Demum
1037 2906 1084 2955 quc
1100 2893 1147 2940 hoc
1163 2889 1277 2952 cuiquam
1294 2889 1386 2935 mirum
1402 2885 1534 2943 videbitur,
1544 2883 1585 2946 qui

444 2963 535 3024 igitur,
557 2979 613 3013 cam
634 2979 708 3013 senex
729 2967 776 3021 aia,
795 2970 855 3014 tanc
871 2967 898 3013 in
915 2973 994 3015 otium
1037 2971 1140 3033 cogitet,
1161 2977 1185 3018 ot
1202 2968 1252 3017 alia
1268 2967 1349 3016 multa
1365 2981 1417 3015 esse
1434 2965 1585 3014 Graecorum

447 3043 483 3090 Te
499 3043 609 3091 colloces.
639 3044 709 3105 Ergo
739 3047 929 3105 caupoaabctar
958 3061 995 3094 re·
1037 3050 1141 3098 Latinos
1159 3049 1308 3097 imitantium
1333 3045 1461 3108 exempla,
1487 3052 1512 3092 et
1536 3044 1585 3106 Ty-

445 3135 574 3182 sponsum,
586 3125 697 3184 responsi
709 3125 747 3170 sui
759 3132 812 3172 erat
823 3139 908 3186 caupo.
929 3125 995 3172 Cou-
1036 3130 1103 3177 rium
1112 3129 1185 3177 fuisse
1195 3135 1376 3192 praeceptorem
1386 3124 1499 3174 Caesaris
1508 3124 1585 3173 Marci

444 3203 582 3261 ponerint
602 3202 749 3249 Ennianum
771 3202 836 3251 illud
854 3219 995 3264 cauponan-

446 3284 483 3326 tes
506 3281 607 3337 bellam,
633 3280 726 3328 bellum
752 3281 817 3330 lucri
842 3297 929 3331 caussa
955 3297 995 3346 ge·

446 3366 539 3418 rentes;
561 3375 640 3422 caupo
661 3361 780 3410 translate
802 3365 867 3425 apud
889 3363 995 3412 Tertull.

447 3436 535 3484 Auim.
560 3439 583 3486 3.
617 3439 748 3501 Cauponea
766 3444 905 3502 ruptmtiae
921 3449 997 3506 utque

439 3517 595 3576 ,facundiam
614 3515 746 3567 Claudian.
758 3519 784 3567 in
794 3521 898 3584 Eutrop.
908 3522 928 3571 1.
942 3523 995 3573 197.

447 3597 491 3643 boc
507 3600 577 3644 certa
586 3599 707 3657 proponit
719 3614 797 3648 οιικοι
807 3602 938 3648 locandum
951 3605 996 3650 In-

447 3674 524 3720 stitor
548 3674 661 3735 impera,
686 3692 766 3740 caupo
784 3678 901 3739 supressa
925 3683 997 3730 hono·

447 3767 511 3799 rum.
530 3751 623 3801 Graece
633 3753 656 3801 οἱ
665 3757 950 3821 πραγματευόμενοιτὴυ
957 3777 997 3809 σο-

449 3829 518 3893 φίαν.
533 3830 601 3878 Nam
612 3830 727 3889 κάπηλος
739 3839 777 3880 cst
790 3839 995 3900 πραγματευτὴς.

449 3907 543 3954 Eadem
568 3916 605 3957 est
631 3909 694 3957 ratio
719 3912 745 3958 iu
771 3912 846 3961 verbo
867 3918 997 3965 vendendi.

449 3982 543 4032 Seneca
559 3987 633 4035 Herc.
654 3988 716 4036 Fur.
736 3991 790 4040 172.
807 3991 848 4039 ubi
867 3993 951 4041 itidem
963 3994 997 4044 lo·

449 4064 533 4126 quitur
550 4066 580 4113 de
596 4066 671 4115 variis
683 4068 811 4118 hominum
822 4073 921 4121 studiis:
944 4076 998 4124 Hic

447 4146 550 4194 clcnwci
566 4147 667 4195 rabiosa
683 4150 743 4210 sori
777 4152 870 4215 Ιιι1ρὶα
891 4157 998 4204 vendens

447 4225 587 4286 improbus,
604 4228 658 4276 iras
685 4231 723 4278 Et
739 4233 814 4280 cerba
830 4235 902 4282 locat.
929 4236 997 4283 Mar·

447 4303 500 4352 tial.
518 4305 551 4353 V.
578 4307 615 4356 16.
643 4311 719 4366 ,Nam
739 4311 896 4376 atfulcaferi
916 4314 999 4378 defea-

446 4385 504 4432 dere
524 4389 618 4448 templa-
634 4392 756 4450 tonantis,
779 4394 946 4457 sollicitaque
961 4411 999 4444 re·

449 4463 493 4510 lim
510 4467 613 4514 vendere
629 4471 772 4529 certarem,
790 4473 925 4523 Plurimus
935 4477 997 4523 Πίσ-

447 4558 529 4602 μαηας
545 4546 629 4594 mater
645 4549 800 4599 matinanta
812 4557 938 4603 caetratae.
957 4555 998 4602 Ita

1038 3209 1145 3256 Aurelii.
1187 3207 1308 3256 Aurelius
1341 3207 1474 3254 Horatium
1504 3219 1586 3253 amare

1038 3288 1155 3336 didicorat
1168 3304 1183 3335 a
1194 3289 1327 3336 Frontone.
1349 3285 1430 3346 Quem
1444 3285 1585 3347 scriptorem

1038 3376 1105 3416 amat
1121 3367 1224 3424 Caesar,
1245 3367 1265 3413 is
1290 3381 1340 3414 non
1362 3365 1461 3427 ignotus
1478 3379 1530 3412 esse
1546 3379 1586 3427 po·

1037 3457 1101 3498 terat
1117 3449 1243 3511 magistro.
1278 3445 1383 3510 Tyrius:
1409 3446 1450 3493 καὶ
1475 3444 1539 3503 ἴδοις
1556 3445 1587 3494 ἂν

1039 3528 1084 3575 τὸν
1105 3528 1151 3590 μὲν
1176 3525 1310 3589 γεωργικὸν
1330 3523 1503 3587 μακαρίζοντα
1530 3529 1587 3579 τοὺς

1039 3607 1166 3666 ἀστικούς,
1190 3605 1224 3661 ὡς
1246 3604 1382 3659 συνιόντας
1399 3602 1436 3665 τῷ
1450 3601 1502 3666 βίιρ
1520 3620 1587 3667 χαρι·

1039 3687 1092 3734 ἐντι
1108 3687 1148 3734 καί
1166 3687 1277 3749 ἀνδηρῶ.
1297 3685 1355 3741 τοὺς
1372 3682 1398 3732 δὲ
1415 3682 1468 3731 ἀπὸ
1485 3686 1538 3732 τῶν
1553 3683 1587 3731 ἐκ·

1040 3764 1151 3823 κλησιῶν
1167 3764 1208 3812 καί
1226 3768 1277 3812 τῶν
1293 3761 1461 3824 δικαστηρίων
1476 3762 1587 3817 καὶτοὺς

1041 3843 1110 3891 πάνυ
1120 3842 1148 3890 ἐν
1162 3843 1249 3899 αὐτοῖς
1263 3840 1407 3904 εὐδοκίμους
1421 3839 1587 3905 ὀδυρομένους

1040 3923 1072 3970 τὰ
1083 3921 1179 3983 αὐτῶν,
1195 3922 1235 3969 καὶ
1250 3918 1401 3984 εὐχομένους
1413 3919 1454 3967 ἐπὶ
1469 3920 1586 3984 σκαπὰνη

1038 4001 1132 4063 βιῶναι
1157 4002 1198 4049 καὶ
1225 4000 1302 4064 γηδίῳ
1327 3998 1434 4062 σμικρῷ.
1477 3998 1586 4055 Deinde,

1039 4081 1123 4129 multis
1140 4079 1285 4135 interiectis,
1302 4077 1390 4141 repetit
1406 4077 1452 4125 τὸν
1468 4076 1496 4124 ἐν
1509 4076 1588 4142 ἡδονῇ

1039 4160 1190 4223 τηκόμενον,
1206 4159 1253 4206 τὸν
1266 4158 1293 4206 ἐν
1305 4158 1339 4220 γῇ
1354 4154 1527 4219 πονούμενον,
1541 4158 1587 4206 τὸν

1039 4239 1066 4287 ἐν
1088 4237 1229 4298 ἐκκλησίαις
1250 4236 1364 4298 βοῶντα,
1388 4234 1434 4283 τδν
1456 4233 1485 4282 ἐν
1502 4233 1586 4284 δικασ-

1039 4319 1132 4383 τηρίοις
1161 4316 1309 4381 συρόμενον.
1360 4314 1410 4376 Qui
1433 4320 1512 4362 totam
1536 4316 1586 4364 Ηο·

1040 4397 1096 4444 ratii
1118 4396 1306 4458 disputationem
1326 4401 1438 4443 accurate
1454 4395 1586 4457 expressit,

1039 4482 1067 4522 ut
1088 4475 1285 4540 comparantibus
1307 4474 1443 4537 apparebit,
1467 4473 1511 4522 ille
1532 4489 1585 4538 pro·

1040 4553 1101 4602 secto
1121 4555 1161 4603 hic
1182 4569 1231 4603 non
1255 4555 1317 4602 vidit
1337 4569 1472 4617 curiporum
1488 4557 1532 4604 sed
1549 4557 1585 4604 ia·

448 4623 579 4672 contradici
595 4625 752 4676 ditescebant.
788 4629 882 4679 Omitto
904 4650 996 4690 atraere,
1039 4634 1228 4691 riacoaaultum,
1253 4634 1300 4682 hoc
1329 4640 1365 4680 cst
1390 4648 1525 4697 commem
1549 4650 1585 4683 re·

449 4704 567 4760 mercam,
591 4705 688 4753 similia.
724 4709 760 4756 Ira
779 4711 903 4760 consultor
925 4713 996 4769 emit,
1039 4714 1135 4774 sponsi,
1150 4720 1178 4762 ut
1186 4713 1304 4762 Horatius
1318 4713 1460 4761 contemtim
1469 4712 1584 4777 appellat
