3750 5759
366 710 426 772 132
754 703 1105 770 SATIRARUM

408 895 585 980 Aegroiare
607 897 703 978 putes
727 891 831 956 animi
852 891 969 957 vitior‘
1017 891 1177 977 „Accipez
1201 891 1344 977 primum

406 997 589 1080 Aedificas,
614 996 676 1061 hoc
699 1001 764 1079 est,
789 996 905 1081 longos
929 994 1091 1078 imitaris,
1115 995 1156 1060 ab
1180 995 1246 1060 imo

408 1104 462 1168 Ad
486 1123 652 1168 summum
675 1107 764 1167 totus
788 1100 915 1166 moduli
937 1101 1116 1187 bipedalis3
1141 1107 1175 1168 et
1197 1102 1284 1167 idem

409 1199 548 1291 (serpere
571 1204 727 1270 maiorem
750 1204 837 1269 rides
860 1203 1018 1269 Turbonis
1042 1204 1077 1269 in
1101 1205 1201 1271 armis

410 1309 570 1396 Spiritum
593 1315 625 1374 et
648 1309 831 1374 incessum:
856 1310 912 1392 qui
935 1307 1092 1374 ridiculus
1116 1309 1226 1374 minus
1250 1309 1331 1373 illo?

409 1414 464 1478 An
488 1412 714 1499 quodcumque
738 1411 818 1477 iacit
840 1411 1029 1495 Maecenas,
1053 1417 1086 1477 te
1110 1434 1237 1499 quoque
1255 1432 1368 1477 verum
1390 1412 1457 1488 esi,

409 1517 549 1582 Tantum
572 1517 767 1583 dissimilem
792 1522 825 1582 et
848 1520 941 1582 tanto
965 1521 1086 1582 certare
1108 1517 1292 1583 minorem?

409 1620 566 1688 Absentis
590 1643 686 1687 ranae
709 1620 811 1706 pullis
834 1619 933 1686 vituli
956 1620 1038 1705 pede
1060 1621 1200 1707 pressis,

410 1724 505 1790 Unus
528 1725 585 1791 ubi
609 1725 740 1810 effugit,
764 1725 862 1790 matri
886 1725 1052 1809 denarrat,
1076 1731 1115 1792 ut
1138 1725 1255 1810 ingens

412 1828 528 1894 Bellua
550 1836 705 1914 cognatos
729 1829 860 1896 eliserit
908 1828 972 1894 Illa
993 1851 1121 1916 rogare,

412 1931 603 2012 Quantane?
625 1955 704 1998 num
728 1938 876 2016 tantum,
901 1931 1034 1999 sufflans
1059 1956 1111 2018 se,
1135 1955 1257 2018 magna
1279 1929 1416 1996 fuisset?

367 2115 415 2150 nus
432 2103 513 2151 etiam.
546 2102 641 2151 Iterum
659 2103 847 2165 adcaptandam
857 2102 909 2151 Da·
951 2114 1052 2163 corpore
1067 2101 1174 2157 maiora,
1191 2100 1285 2147 dicens:
1298 2097 1328 2146 οὐ
1338 2096 1374 2160 μὴ
1386 2093 1502 2158 δύνωμαι

367 2181 472 2244 masippi
493 2181 701 2240 benevolentiam,
723 2189 748 2230 et
769 2182 829 2230 mite
849 2179 910 2228 iudi·
953 2181 1109 2245 πορευθῆναι
1125 2181 1152 2229 ἐν
1169 2179 1274 2240 αὐτοῖς,
1299 2175 1336 2226 ὅτι
1360 2174 1389 2223 oi
1408 2172 1501 2222 πεπεί-

367 2259 442 2307 einm.
475 2261 517 2309 Ex
538 2261 623 2309 eadem
646 2262 683 2310 rei
705 2261 843 2310 confitentis
864 2259 912 2309 for·
953 2278 1041 2324 ραμαι.
1074 2260 1157 2324 Igitur
1172 2259 1284 2308 sumebat
1299 2253 1501 2305 baculumetla-

368 2339 438 2386 mula
456 2337 530 2388 Satir.
546 2340 706 2393 11.v11.37.:
722 2343 813 2390 etenim
823 2341 914 2403 fateor
954 2339 1029 2401 pides.
1063 2339 1112 2388 Ille
1128 2339 1233 2387 habebat
1250 2337 1363 2401 spiritum
1380 2341 1404 2382 et
1422 2333 1502 2382 inces-

368 2435 419 2477 me,
436 2419 502 2469 Daci
517 2427 603 2471 ventre
620 2423 711 2480 levem
727 2435 818 2470 nasum
828 2421 914 2469 nidore
954 2432 1009 2465 sum
1025 2418 1144 2467 maiorem
1160 2431 1259 2481 corpore
1275 2424 1300 2466 et
1315 2416 1402 2474 armis,
1414 2422 1444 2462 ut
1454 2428 1501 2476 pu-

368 2501 485 2562 aupinor3
503 2502 662 2558 Imbecillus,
672 2502 754 2560 iners,
764 2502 787 2550 si
798 2501 859 2563 quid
869 2501 913 2558 aa,
954 2498 1022 2547 tabat
1039 2499 1180 2548 Goliathes:
1196 2513 1297 2561 corpore
1313 2504 1338 2547 et
1355 2498 1450 2554 arenis,
1471 2501 1502 2542 ut

368 2579 444 2637 adde,
458 2581 558 2642 popino.
956 2577 1086 2627 Claudian.
1103 2579 1124 2628 Ι.
1142 2578 1226 2628 Rufin.
1243 2578 1299 2627 350.
1334 2577 1406 2624 Hine
1424 2576 1498 2624 Stili-
1573 2626 1580 2649 1

403 2659 514 2722 Corpore
529 2661 647 2709 maiorem
658 2661 729 2727 'rides
750 2659 870 2707 iaromir
886 2658 914 2705 in
954 2660 1016 2707 eben
1033 2660 1224 2718 tormentillae
1238 2658 1368 2705 Gradivus
1379 2657 1501 2718 egebunt,

369 2737 448 2784 armis
464 2738 592 2800 Spiritum
609 2743 634 2786 et
650 2742 779 2787 incessam.
801 2734 852 2798 Qui
868 2735 913 2782 init
955 2739 994 2786 Et
1010 2739 1105 2801 clypeis
1120 2742 1146 2786 et
1162 2739 1223 2786 mole
1236 2750 1321 2798 pares.

368 2824 493 2866 certamen
509 2817 647 2882 singulare,
664 2833 721 2867 eum
737 2818 827 2866 habere
843 2829 913 2879 opor·
991 2818 1101 2865 Tantum
1118 2819 1264 2865 dissimilem
1280 2821 1306 2865 et
1320 2819 1392 2863 tanto
1403 2815 1502 2862 certare

369 2901 405 2944 tet
420 2911 470 2945 non
486 2899 559 2946 modo
575 2912 676 2960 eorpus,
692 2897 913 2954 vires‚sedetiam
955 2895 1093 2944 minorem?
1121 2895 1153 2943 In
1164 2894 1220 2944 aliis
1233 2901 1311 2945 tanto.
1337 2893 1454 2942 Fortasse
1464 2890 1500 2940 le·

370 2976 677 3038 armapariaadversario.
703 2976 809 3038 Spiritus
822 2976 912 3034 audax,
954 2976 1077 3036 gendum:
1105 2977 1169 3025 Tam
1186 2982 1210 3025 te
1225 2974 1384 3030 dissimilem,
1405 2976 1501 3034 quanto

370 3053 479 3103 incessus
495 3055 628 3117 superbus,
649 3062 678 3102 ut
698 3055 846 3114 Thrasonis,
867 3071 911 3117 pa·
953 3059 1050 3103 certare
1058 3057 1183 3105 minorem.
1201 3055 1245 3104 An
1254 3067 1360 3116 aequum
1372 3058 1397 3100 ct
1406 3050 1499 3098 iustum

370 3148 427 3182 rum
448 3134 539 3195 valent.
572 3134 608 3182 Hi
628 3149 678 3182 non
697 3136 819 3198 spondent
834 3149 913 3198 neque
954 3139 990 3181 est
1007 3139 1031 3181 te
1049 3135 1143 3191 facere,
1160 3135 1226 3197 quod
1237 3133 1370 3181 Maecenas
1380 3129 1499 3194 faeit,te,

370 3220 497 3276 praestant
511 3213 652 3272 victoriam,
668 3214 689 3262 si
705 3228 793 3277 corpus
809 3221 834 3263 et
844 3228 914 3262 arma
954 3213 1068 3277 inquam,
1090 3214 1133 3276 qui
1150 3213 1289 3262 Maecenati
1303 3218 1355 3260 tam
1373 3208 1498 3259 dissimilis

370 3306 421 3339 non
436 3293 591 3356 respondent.
624 3292 661 3342 Ut
671 3307 739 3341 nunc
748 3292 912 3357 legitur,est:
955 3292 1001 3352 sis,
1022 3298 1115 3355 quanto
1137 3293 1218 3340 minor
1235 3306 1260 3340 es
1277 3307 1334 3340 cum
1351 3305 1381 3340 eo
1397 3297 1498 3338 certare.

372 3370 457 3420 Turbo
473 3373 499 3421 in
516 3371 605 3431 armis,
626 3379 749 3431 armatus,
771 3373 845 3421 habet
865 3372 913 3435 spi·
956 3370 1087 3435 Cogitatnr
1104 3377 1176 3419 tenio
1191 3372 1333 3429 dissimilis,
1350 3370 1433 3418 verbis
1449 3382 1498 3417 non

371 3450 447 3499 ritum
472 3459 497 3500 et
520 3452 642 3500 incessum
669 3451 788 3501 maiorem
813 3453 914 3502 viribus,
956 3450 1113 3513 exprimitur,
1139 3449 1197 3512 quia
1220 3449 1302 3497 minus
1327 3449 1447 3498 usitatum
1463 3456 1499 3496 est

372 3531 453 3592 Quam
471 3531 536 3580 iners
552 3532 585 3580 sit
601 3531 663 3580 illud
680 3534 707 3580 in
724 3535 804 3580 ermis
815 3539 915 3594 apparet
957 3531 1177 3580 tontodierimilis.
1203 3529 1334 3592 Exquisite
1350 3534 1498 3578 autemeam
1528 3546 1531 3555 ¹

372 3624 405 3658 ex
426 3609 524 3659 Scholia
545 3611 665 3659 Acronis:
692 3609 793 3669 „Turbo
814 3611 915 3672 quidam
957 3615 986 3658 iu
1002 3615 1118 3674 sequente
1134 3615 1236 3673 quanto.
1269 3608 1410 3658 Emendavi
1421 3620 1498 3670 nuper

372 3689 462 3736 dieitur
478 3688 553 3738 fuisse
569 3690 692 3752 gladiator
708 3689 761 3737 sive
777 3687 847 3737 miles
864 3690 916 3737 exi·
956 3689 1059 3752 Virgilii
1076 3689 1166 3753 Georg.
1184 3690 1233 3740 IV.
1244 3691 1301 3739 411.
1328 3690 1390 3748 Sed,
1406 3693 1498 3751 quanto

373 3782 437 3831 guae
452 3775 562 3816 staturae
580 3769 624 3816 sed
648 3768 734 3830 magui
749 3767 826 3815 animi
850 3768 916 3816 etin
956 3771 999 3818 ille
1020 3771 1098 3833 magia
1107 3770 1209 3831 formae
1224 3784 1251 3818 re
1266 3773 1346 3818 certet
1362 3771 1391 3816 in
1408 3781 1497 3825 ornnes,

373 3846 466 3908 proelio
492 3846 576 3904 fortis,
609 3861 666 3894 cum
693 3854 756 3895 essct
783 3851 916 3896 armatns.“
960 3850 1023 3896 Tam
1041 3855 1081 3908 tn,
1099 3851 1261 3911 nate,mcpio
1271 3850 1391 3896 contende
1401 3848 1497 3897 tenacia

374 3925 437 3986 Quis
454 3926 480 3973 in
496 3924 617 3988 proelium
634 3925 702 3974 venit
717 3925 835 3974 inermis?
859 3927 916 3976 Ple·
956 3928 1046 3977 vinclo.
1073 3927 1123 3978 Ubi
1131 3929 1158 3976 in
1166 3928 1232 3977 Med.
1241 3934 1295 3976 erat
1303 3932 1387 3976 tanta.
1413 3925 1498 3988 Vulgo

374 4007 429 4053 nior
455 4004 589 4068 requiritur
616 4005 777 4068 comparatio:
808 4007 917 4070 Corpore
956 4007 1048 4071 legitur
1065 4013 1143 4057 tanto.
1177 4005 1249 4056 Ocni.
1267 4007 1433 4070 Mnemosyne
1443 4005 1497 4056 Lei-

375 4087 495 4134 neoiorem
511 4086 578 4133 rides
592 4087 713 4134 Turbonis
728 4092 754 4134 et
770 4089 848 4135 ermis
859 4089 916 4149 Spi-
957 4088 1039 4137 densis
1055 4103 1078 4137 a.
1097 4088 1167 4137 1861.
1183 4102 1207 4150 p.
1223 4087 1280 4138 297.

374 4168 454 4214 ritum
470 4172 495 4214 et
511 4167 637 4214 imeaersm.
670 4166 707 4215 Ut
718 4166 816 4225 Turbo,
829 4167 850 4214 si
860 4181 917 4214 cnm
996 4167 1230 4227 Quoniam?·num
1259 4170 1373 4225 tontum,
1395 4167 1499 4229 sufflant

375 4245 524 4309 gladiatore,
546 4244 640 4293 viribus
656 4253 681 4294 et
696 4247 771 4295 armis
787 4246 861 4309 longe
877 4262 917 4295 su·
958 4265 991 4308 ae,
1018 4263 1109 4312 maprrc
1127 4245 1243 4310 suaset?
1277 4242 1365 4295 Maior
1390 4246 1496 4295 dimidio.

375 4326 483 4389 periore,
494 4338 651 4387 congressus,
662 4326 812 4386 vinceretur,
824 4326 858 4374 ita
865 4326 917 4375 Ho·
960 4331 1029 4376 Num
1042 4325 1164 4375 tontum?
1180 4324 1305 4389 Oruquius
1316 4340 1350 4374 ex
1362 4325 1438 4376 MSS.
1450 4323 1497 4373 suis

375 4405 453 4453 ratius
469 4405 608 4454 Maecenati
623 4412 676 4454 erat
692 4406 817 4455 dissimilis
833 4413 858 4454 et
868 4419 918 4454 cer·
959 4407 1037 4455 dedit:
1054 4421 1115 4454 nnm
1132 4410 1244 4462 tantum,
1264 4405 1375 4468 sufflans
1391 4421 1430 4464 se,
1451 4419 1497 4451 mo·

375 4493 428 4534 tare
445 4484 532 4532 minor.
565 4483 697 4534 Maecenas
712 4485 785 4550 longe
800 4486 918 4535 maiorem
958 4503 1008 4551 pne
1025 4483 1138 4550 sabaei?
1170 4483 1236 4532 Hinc
1261 4484 1389 4534 Bentlcius
1411 4483 1496 4533 effecit:

375 4565 508 4628 potentiam
525 4570 550 4613 et
570 4578 627 4628 opes
649 4563 764 4622 habebat,
785 4580 873 4628 corpus
895 4572 919 4613 ct
963 4564 1118 4626 Quantosne?
1134 4580 1194 4613 naor
1212 4569 1325 4622 tantum,
1341 4566 1449 4629 sufflans
1463 4579 1496 4618 re,

376 4658 453 4692 arma.
485 4641 595 4692 Derides
615 4644 637 4693 Ι.
660 4643 758 4707 Regum
783 4645 820 4696 17.
837 4659 918 4702 arma,
960 4643 1170 4708 mopnofoisaet?
1189 4643 1275 4693 linior
1285 4647 1417 4707 pernimio,
1431 4647 1495 4692 Nom

376 4723 423 4787 ipsi
440 4739 455 4772 a
466 4722 544 4774 Saule
554 4725 618 4782 data,
630 4724 768 4784 recusabat,
780 4726 839 4787 quia
849 4732 919 4772 erent
958 4727 1074 4775 tontum?
1103 4724 1216 4787 Longam
1233 4725 1417 4774 annotationem
1429 4725 1462 4772 ita
1472 4721 1495 4769 fi·
