3750 5759
414 689 477 753 168
791 682 1176 750 SATIRARUM

458 875 528 942 Ibis
552 876 613 941 sub
636 875 763 940 furcam
786 875 949 960 prudens,
975 872 1172 957 dominoque
1195 869 1318 935 furenti

461 979 656 1046 Committes
679 1000 748 1044 rem
772 999 903 1044 omnem
927 983 961 1042 et
983 977 1087 1041 vitam
1111 979 1144 1040 et
1167 995 1243 1039 oum
1267 994 1400 1059 corpore
1420 971 1565 1038 famam.

460 1082 592 1161 Evasti3
616 1082 729 1165 erede,
754 1089 881 1148 metues
906 1082 1086 1164 doctusque
1109 1077 1260 1144 cavebis?
1322 1139 1326 1146 .

461 1185 620 1268 Quaeres,
645 1184 775 1271 quando
799 1184 919 1250 iterum
942 1205 1061 1269 paveas
1086 1182 1269 1266 iterumque
1291 1180 1397 1266 perire

461 1288 583 1354 Possis.
633 1287 660 1354 Ο
685 1288 783 1354 toties
808 1288 937 1354 servusl
963 1309 1045 1372 quae
1067 1287 1177 1352 bellua
1199 1285 1305 1370 ruptis

462 1390 572 1470 Quum
597 1391 698 1456 semel
722 1391 856 1476 effugit,
881 1391 989 1456 reddit
1012 1413 1046 1455 se
1069 1412 1169 1475 prava
1192 1388 1336 1454 eatenis?

463 1495 561 1578 „Non
581 1517 655 1560 sum
668 1495 857 1578 moechus,“
871 1495 938 1574 ais3
959 1517 1064 1579 neque
1082 1516 1153 1579 ego,
1168 1493 1309 1576 hercule,
1325 1492 1389 1576 fur,
1404 1491 1466 1557 ubi
1484 1512 1569 1555 vasa

463 1598 634 1663 Praetereo
656 1598 786 1684 sapiens
810 1604 972 1684 argentea
1021 1598 1110 1662 Tolle
1133 1596 1311 1682 periclum,

464 1701 535 1766 Iam
559 1723 643 1786 vaga
664 1701 815 1787 prosiliet
837 1702 939 1767 frenis
965 1708 1082 1767 natura
1104 1701 1247 1767 remotis.

465 1805 555 1869 Tune
578 1804 661 1868 mihi
685 1804 858 1889 dominus,
883 1827 991 1871 rerum
1014 1804 1160 1890 imperiis
1184 1804 1421 1889 hominumque

465 1908 526 1973 Tot
548 1907 716 1994 tantisque
739 1909 866 1992 minor,
893 1931 990 1994 quem
1015 1914 1064 1974 ter
1087 1908 1234 1974 vindicta
1257 1913 1436 1993 quaterque

468 2011 631 2096 Imposita
653 2012 742 2077 haud
765 2035 922 2099 umquam
947 2013 1066 2079 misera
1089 2012 1263 2078 formidine
1286 2011 1417 2096 privet?

465 2113 561 2178 Adde
586 2136 702 2200 super,
727 2116 824 2182 dictis
848 2118 935 2202 quod
959 2140 1025 2182 non
1049 2117 1154 2182 levius
1177 2116 1301 2181 valeat:
1326 2137 1422 2197 nam,

468 2216 544 2282 Sive
566 2216 706 2285 vicarius
730 2226 798 2302 est,
822 2221 880 2305 qui
903 2243 995 2286 servo
1018 2226 1126 2306 paret,
1151 2221 1202 2285 uti
1225 2240 1297 2284 mos

469 2318 586 2384 Vester
609 2319 674 2404 ait,
699 2344 757 2387 seu
781 2344 974 2406 conservus,
1000 2323 1059 2388 tibi
1086 2323 1166 2408 quid
1189 2344 1262 2388 sum
1286 2325 1369 2408 ego?
1412 2321 1544 2407 Nempe

375 2451 379 2456 ·
467 2422 530 2505 Tu,
555 2423 638 2487 mihi
663 2425 718 2510 qui
742 2425 930 2511 imperitas,
956 2425 1030 2492 aliis
1055 2426 1157 2492 servis
1181 2425 1299 2508 miser,
1323 2429 1422 2509 atque

468 2524 626 2610 Duceris,
651 2533 689 2593 ut
712 2530 820 2595 nervis
844 2531 961 2596 alienis
984 2530 1106 2595 mobile
1129 2530 1268 2614 lignum.

469 2627 756 2717 Quisnam'igitur
779 2633 884 2699 liber?
908 2634 1059 2719 sapiens,
1085 2633 1149 2698 sibi
1172 2633 1229 2718 qui
1252 2631 1466 2717 imperiosus,

468 2731 573 2811 Quem
597 2756 702 2821 neque
720 2736 891 2821 pauperies
915 2759 1021 2822 neque
1044 2757 1131 2801 mors
1156 2757 1260 2820 neque
1278 2728 1411 2800 vin'cula
1426 2737 1562 2815 terrent,

468 2835 673 2922 Responsare
695 2839 922 2923 cupidinibus,
947 2844 1153 2904 contemnere
1177 2840 1315 2903 honores

456 3022 514 3070 Ibis
529 3024 576 3070 sub
588 3020 693 3083 sursum
709 3021 829 3082 prudens.
864 3017 919 3065 Iam
936 3016 970 3063 le·
991 3018 1113 3105 qstolidc.
1147 3018 1182 3066 Et
1203 3031 1250 3079 ego
1272 3015 1366 3063 dubito.
1401 3013 1563 3064 Conieeersm

423 3101 534 3162 gendum
558 3102 717 3160 imprudens:
735 3095 903 3159 imprudentia
918 3101 971 3153 tus,
991 3132 993 3165 Ι
1012 3097 1096 3144 reddit
1115 3110 1140 3144 se
1159 3101 1265 3157 experta
1290 3096 1394 3143 coieris
1429 3093 1480 3143 Sed
1498 3094 1562 3144 Cru-

422 3177 482 3240 quis
499 3177 653 3226 voluntatem
664 3174 775 3224 mulieris
789 3173 916 3236 nonprins
928 3186 971 3220 ex·
1011 3173 1084 3234 quius
1101 3172 1127 3220 in
1145 3171 1206 3222 Cod.
1217 3172 1308 3221 Dirsei
1319 3170 1409 3235 legisse
1425 3172 1472 3220 sibi
1494 3174 1561 3222 vide·

423 3253 970 3319 ploraverss,qusmabaneillaindueereris.
1011 3250 1084 3299 batur
1105 3253 1189 3313 privo.
1222 3251 1336 3300 Verbum
1357 3252 1436 3312 igitur
1458 3253 1563 3301 obscure

460 3335 581 3394 Quaeres,
590 3337 689 3398 quaudo
697 3337 790 3383 iterum
797 3348 899 3395 paveas.
916 3331 970 3379 Me·
1011 3331 1129 3392 seriptum
1150 3335 1211 3379 erat.
1245 3330 1337 3379 Fuitne
1356 3333 1452 3391 prave?
1490 3333 1562 3390 Quae

422 3411 483 3461 lium
507 3429 599 3476 preces.
638 3413 675 3462 Ut
702 3414 728 3462 in
752 3412 872 3477 principio
897 3411 971 3459 huius
1011 3410 1094 3456 bellua
1110 3410 1209 3470 ruptis,
1246 3409 1332 3466 Quum
1354 3411 1431 3456 semel
1451 3410 1559 3471 qffupit,

423 3492 555 3542 orationis:
572 3495 669 3542 Pereat
686 3499 742 3542 uter
760 3498 876 3541 nostrum
898 3507 972 3541 cruce
1011 3489 1141 3544 redditae,
1152 3503 1244 3549 proce,
1261 3489 1374 3537 eatenis?
1391 3486 1479 3536 Oratio
1491 3486 1562 3535 Davi

422 3572 531 3634 dionius.
568 3571 710 3634 Appuleius
735 3571 844 3635 Apolog.
866 3585 889 3632 p.
912 3569 970 3618 383.
1011 3566 1039 3614 fit
1060 3581 1158 3629 semper
1183 3567 1360 3616 vehementior.
1395 3566 1443 3631 Sic,
1462 3575 1561 3627 autem,

423 3650 542 3712 Namque
567 3656 699 3711 peceatum
724 3653 809 3706 senui,
836 3636 869 3698 'ut
894 3651 971 3696 bouus
1011 3660 1071 3708 quos
1101 3647 1156 3695 irati
1182 3645 1398 3709 reprehendimus,
1426 3645 1452 3694 in
1477 3648 1560 3696 medio

424 3729 528 3790 quisque
546 3733 635 3790 postea
653 3730 787 3778 sollicitius
808 3733 893 3786 curet,
917 3729 971 3785 ita,
1011 3726 1145 3775 verborum
1170 3740 1246 3774 cursu
1273 3727 1432 3790 alloquimur.
1467 3727 1557 3778 Horat.

423 3806 469 3866 qui
485 3806 584 3867 iupenio
600 3809 682 3854 rricius
697 3812 747 3866 est,
759 3807 971 3869 confidentiusin-
1011 3806 1052 3854 inf.
1070 3807 1110 3856 95.
1134 3809 1178 3856 Vel
1187 3822 1244 3856 euris
1263 3809 1395 3854 Pausiaca
1413 3809 1558 3869 torpes,iu·

425 3887 516 3943 temet.
543 3883 609 3931 Tota
624 3885 693 3932 Davi
715 3886 793 3933 oratio
814 3890 929 3931 versatur
945 3884 971 3931 in
1011 3899 1083 3942 sane,
1104 3888 1204 3934 tubelle.
1231 3885 1306 3934 Satir.
1325 3885 1362 3934 11.
1376 3898 1413 3933 rr.
1426 3886 1466 3933 29.
1488 3887 1560 3944 Quid

423 3974 467 4019 eo,
484 3963 971 4027 utdemonstret,tsmdominnmqusm
1011 3965 1058 4011 tibi
1083 3965 1132 4019 vis,
1158 3965 1254 4012 iasone.
1288 3964 1389 4013 Lucret.
1410 3963 1461 4012 III.
1487 3964 1557 4013 1039.

424 4052 526 4088 serrum
541 4057 660 4104 peceare,
681 4049 706 4092 et
726 4042 798 4091 illum
820 4043 897 4104 peius.
930 4042 972 4090 Ita
1015 4043 1068 4101 Qui
1092 4044 1180 4091 melior
1206 4046 1308 4101 multis,
1333 4059 1409 4105 quarn
1427 4050 1473 4102 tu,
1484 4043 1560 4107 fuit,

424 4133 461 4168 vs.
479 4120 519 4169 96.
536 4120 587 4183 Qui
600 4138 691 4184 pereas
707 4121 971 4173 minus.109.anhic
1011 4124 1135 4183 improbe,
1163 4125 1242 4172 rebus.
1275 4123 1375 4171 Acerba
1391 4123 1559 4185 exprobratio.

422 4205 520 4258 meat.
1009 4200 1115 4260 Bellus,
1136 4202 1232 4249 malum
1256 4202 1332 4251 semel
1357 4210 1473 4265 experts,
1491 4202 1557 4252 idem

460 4278 532 4336 Quae
556 4281 639 4328 bellua
663 4284 763 4344 ruptis,
789 4283 874 4340 Quum
898 4282 972 4328 semel
1010 4286 1090 4328 cavet.
1124 4280 1179 4340 Tu,
1201 4295 1309 4343 oprave
1330 4281 1440 4340 domine,
1457 4282 1558 4331 stultior

422 4356 527 4419 fiand,
544 4360 628 4407 reddit
645 4374 671 4409 se
684 4376 768 4422 prava
785 4361 899 4410 cotenu?
917 4359 970 4408 Ex·
1010 4374 1045 4418 es,
1061 4376 1136 4424 quem
1153 4361 1245 4410 bellue.
1273 4361 1339 4409 Tam
1355 4374 1455 4409 coecum
1472 4368 1516 4410 tus
1533 4369 1557 4409 te

423 4442 519 4496 ponunt
543 4438 634 4486 stolide
651 4453 784 4499 perversa,
810 4441 904 4496 stultu,
927 4439 970 4486 alii
1010 4440 1119 4502 pravitas
1138 4440 1201 4488 feeit.

424 4515 534 4576 iungunt
550 4532 614 4581 quse
630 4520 713 4568 bellua
727 4533 824 4581 moro,
845 4518 911 4580 quod
933 4533 969 4566 es-
1044 4519 1110 4567 Aliis
1126 4523 1203 4568 serris
1219 4522 1302 4569 irrisor.
1335 4519 1447 4568 Velleius
1459 4520 1556 4568 Patere.
1598 4522 1601 4527 '

424 4601 462 4642 set
476 4609 564 4655 soevo,
582 4597 613 4645 ob
627 4596 748 4646 feritatem
766 4597 862 4654 vinots;
883 4598 909 4645 hi
925 4598 969 4645 du·
1010 4598 1046 4646 11.
1064 4598 1104 4648 73.
1139 4599 1299 4648 Libertorum
1319 4613 1421 4648 suorum
1437 4599 1555 4655 libertus,

424 4671 545 4732 bibebant,
568 4690 600 4723 sn
622 4692 704 4739 proso
727 4675 866 4738 significare
888 4685 970 4738 posset
1009 4692 1136 4727 seruorum
1153 4692 1247 4727 sersus.
