3750 5759
423 712 486 775 166
792 705 1173 772 SATIRARUM

465 895 636 960 Maecenas
661 914 769 957 serum
794 892 855 957 sub
878 891 1007 956 lumina
1029 891 1135 976 prima
1158 889 1268 954 venire

467 997 665 1065 Convivam:
692 997 854 1079 „Nemon'
879 995 987 1059 oleum
1011 993 1075 1059 fert
1098 993 1209 1057 ocius?
1232 991 1343 1078 ecquis

464 1102 613 1166 Audit?“
641 1121 716 1165 oum
741 1121 862 1184 magno
885 1098 1027 1163 blateras
1052 1097 1193 1161 clamore
1216 1095 1371 1180 furisque.

464 1204 599 1269 Milvius
623 1208 656 1268 et
680 1224 826 1285 scurrae,
852 1202 913 1267 tibi
937 1222 1004 1265 non
1027 1199 1196 1265 referenda
1217 1198 1358 1285 precati,

463 1307 654 1373 Discedunt.
703 1307 863 1390 „Etenim
885 1307 989 1371 fateor
1012 1327 1065 1370 me
1075 1309 1108 1388 ,“
1136 1304 1256 1368 dixerit
1279 1303 1354 1385 ille,

463 1411 573 1494 „Duei
596 1414 708 1475 ventre
732 1411 858 1475 levem:
883 1430 1001 1473 nasum
1026 1407 1139 1472 nidore
1163 1406 1315 1491 supinor:

463 1513 673 1596 Imbecillus,
698 1513 806 1595 iners,
831 1512 860 1577 si
883 1511 962 1598 quid
985 1512 1054 1593 via,
1079 1510 1180 1592 adde,
1204 1510 1342 1595 popino;

461 1618 526 1700 Tu,
551 1640 653 1702 quum
677 1616 723 1682 sis
748 1616 836 1703 quod
859 1638 938 1701 ege,
963 1620 996 1680 et
1018 1615 1168 1680 fortassis
1192 1614 1345 1699 nequior,
1370 1614 1461 1678 ultro

463 1720 642 1802 insectere,
666 1719 759 1785 velut
781 1718 915 1801 melior,
940 1717 1113 1803 verbisque
1136 1716 1260 1782 decoris

464 1821 628 1888 Obvolvas
651 1821 817 1887 vitium?“
866 1821 971 1903 Quid,
997 1820 1025 1885 si
1048 1842 1101 1884 me
1126 1819 1258 1884 stultior
1281 1819 1353 1903 ipso

461 1925 658 2010 Quingentis
682 1930 770 1991 emto
794 1925 958 1990 drachmis
983 1923 1214 2009 deprenderis?
1258 1920 1362 1986 Aufer

461 2028 516 2093 Me
538 2028 634 2093 vultu
657 2033 790 2112 terrere,
815 2050 950 2092 manum
976 2027 1246 2111 stomachumque
1270 2029 1396 2106 teneto,

463 2131 570 2214 Dum,
596 2154 678 2216 quae
703 2131 848 2217 Crispini
872 2131 985 2196 docuit
1007 2151 1060 2195 me
1083 2129 1219 2211 ianitor,
1245 2128 1313 2193 edo.

461 2234 504 2298 Te
527 2235 647 2299 coniux
670 2235 778 2300 aliena
800 2235 907 2320 capit,
930 2234 1138 2300 meretricula
1162 2235 1308 2298 Davum:

417 2390 445 2431 ut
462 2399 529 2433 ames
546 2387 611 2448 quod
628 2400 750 2449 nusquam
769 2386 801 2434 sit
817 2387 988 2451 potandum,l
1042 2386 1113 2434 Daci
1135 2390 1228 2433 ventre.
1269 2383 1352 2432 Plaut.
1376 2382 1489 2432 Mostell.
1511 2383 1564 2432 lV.

416 2479 483 2511 estraes
496 2465 691 2523 domicoenium;
708 2467 766 2528 quia
782 2479 862 2522 ames,
874 2473 966 2514 tenus-
986 2454 989 2541 l
1010 2477 1037 2510 11.
1055 2463 1079 2511 8.
1108 2465 1169 2512 Cibo
1182 2464 1291 2526 perduci
1306 2463 1515 2591 poterispivsove'a

417 2556 493 2605 quam
514 2551 630 2592 vocatum
653 2558 718 2602 esse,
739 2544 794 2592 idco
820 2552 844 2592 te
872 2545 965 2593 felicem
987 2548 989 2571 ¹
1043 2542 1167 2590 insectere
1188 2544 1256 2590 velut
1281 2545 1383 2593 melior?
1444 2549 1564 2601 actenus,

420 2621 488 2670 diois.
1009 2629 1081 2684 puto,
1099 2621 1211 2670 Milvius.
1230 2621 1364 2686 Sequentia
1378 2636 1467 2670 rursus
1482 2623 1564 2672 Davo

450 2699 516 2748 Cum
541 2718 628 2764 mapno
658 2704 768 2751 blateras
794 2704 902 2750 clamore
921 2701 968 2762 sa·
1009 2701 1147 2748 tribuenda.
1164 2702 1418 2762 Legendumautem:
1440 2703 1564 2751 Verbosae

418 2781 511 2844 risque.
531 2780 582 2829 Vel
603 2789 704 2844 propter
725 2780 889 2828 imitationem
906 2780 968 2828 Per·
1009 2781 1104 2827 decoris
1140 2782 1257 2829 Olcoloes
1271 2783 1378 2829 citium?
1410 2780 1520 2829 Milvius
1538 2788 1563 2830 et

418 2860 449 2908 sii
475 2860 550 2910 Satir.
574 2861 626 2911 III.
653 2863 677 2913 7.
708 2863 785 2910 Ocius
809 2862 878 2908 adsit
907 2862 968 2908 Hae
1009 2871 1109 2906 scurrae
1125 2858 1169 2906 tibi
1186 2858 1346 2907 omniamala
1361 2860 1561 2922 precati,disoe·

417 2941 519 3001 aliquis.
546 2941 667 2989 Nemoa'?
689 2939 809 3001 torpescit
831 2940 913 2986 vitrea
930 2939 967 2985 bi·
1010 2937 1083 2984 dunt:
1110 2937 1158 2984 ista
1182 2952 1233 2985 non
1258 2938 1371 2986 referam.
1405 2938 1475 2998 Quid
1500 2940 1562 2988 Mil-

420 3017 452 3064 lie
472 3017 585 3079 praefero
602 3018 687 3081 furis.
720 3015 847 3065 Bentleius
872 3015 967 3063 nullam
1010 3016 1066 3064 vius
1083 3024 1211 3079 praeterea
1227 3017 1291 3066 clam
1308 3017 1491 3077 mussitaverit,
1508 3034 1562 3068 non

419 3095 519 3143 furendi
536 3110 650 3143 caussam
668 3110 721 3143 esse
742 3095 856 3157 putabat,
878 3095 966 3143 nisisi
1009 3096 1068 3143 satis
1096 3096 1188 3144 audivi.
1221 3098 1340 3146 Fortasse
1361 3097 1439 3145 dixit:
1463 3104 1493 3145 tu
1519 3115 1561 3149 me

419 3175 500 3223 vocati
527 3189 578 3222 non
603 3174 847 3237 obtemperavissent.
882 3172 967 3232 Servi,
1010 3173 1079 3221 velut
1100 3174 1188 3223 melior
1204 3176 1331 3233 insectere,
1353 3191 1409 3224 oum
1429 3177 1464 3226 sis
1485 3194 1561 3240 para·

418 3253 500 3311 credo,
516 3255 597 3302 vocati
614 3267 686 3316 saepe
702 3268 753 3301 non
770 3253 882 3311 audiunt,
895 3267 968 3316 saepe
1010 3253 1071 3302 situs
1089 3255 1255 3311 Maecenatis,
1272 3262 1297 3302 et
1312 3254 1423 3317 nequior,
1435 3263 1500 3317 puto
1517 3273 1560 3320 pa-

419 3331 479 3380 alibi
503 3340 569 3382 sunt.
603 3335 637 3382 Et
662 3333 725 3381 nihil
750 3332 809 3380 satis
837 3331 968 3381 festinatur
1010 3335 1114 3391 rasitus,
1132 3348 1207 3395 quam
1230 3349 1276 3397 ego
1296 3341 1361 3382 tuus.
1394 3336 1450 3383 Iam
1468 3336 1561 3386 Davus

420 3411 516 3460 homini
532 3413 629 3475 cupido.
1010 3429 1056 3462 sua
1073 3412 1149 3461 verba
1164 3413 1289 3476 loquitur:
1305 3414 1373 3474 Quid
1385 3416 1435 3473 ais,
1453 3416 1560 3466 Horati!

452 3489 604 3540 Doderlinus
613 3491 736 3555 surasque
751 3490 907 3553 tautologum
923 3505 968 3553 pu·

423 3575 460 3616 tat
476 3583 533 3618 eum
550 3573 663 3620 blateras
679 3577 769 3632 maone
785 3572 902 3618 clausere.

454 3649 571 3696 Milvius.
597 3647 726 3697 Bentleius
747 3662 780 3696 ex
796 3648 873 3697 MSS.
898 3662 968 3710 repo·

421 3726 471 3774 suit
488 3726 613 3775 Molvius.
642 3727 760 3776 Fortasse
782 3726 889 3776 Milvius
913 3742 966 3774 ma-

421 3805 459 3867 gis
476 3805 592 3854 convenit
613 3806 721 3867 parasito
739 3807 830 3854 voraci.
864 3806 968 3855 Milvius

421 3884 475 3932 avis
500 3898 533 3932 ex
555 3897 646 3946 genere
672 3884 822 3946 aecipitrum.
866 3885 967 3935 Terent.

422 3962 526 4012 Phorm.
543 3962 580 4010 H.
598 3975 628 4010 11.
648 3963 685 4010 16.
712 3964 772 4010 Non
788 3968 841 4010 rete
850 3965 968 4025 accipitri

421 4042 537 4089 tenditur
553 4056 632 4102 neque
648 4042 739 4090 miluo:
756 4048 781 4089 et
802 4056 876 4089 mox:
900 4043 969 4091 alere

420 4121 510 4168 nolunt
527 4120 649 4168 hominem
664 4121 771 4168 edacem.
792 4119 860 4168 Nota
875 4128 913 4168 est
917 4121 965 4182 sa-

420 4214 471 4247 mes
497 4198 614 4252 vallatae,
638 4198 669 4246 de
694 4212 743 4261 qua
768 4197 879 4248 Gronov.
897 4200 966 4251 Leot.

421 4276 504 4325 Plaut.
521 4292 545 4339 p.
562 4276 619 4324 208.
637 4277 743 4325 Luciam.
760 4278 787 4325 in
804 4278 910 4326 Timone
922 4281 964 4327 53.

1010 3492 1112 3541 Verane
1139 3491 1236 3540 locutus
1261 3498 1298 3540 est
1324 3493 1448 3542 Milvius?
1482 3496 1562 3546 Nune

1010 3571 1084 3619 etiam
1102 3571 1190 3621 vitium
1206 3578 1291 3630 tuum,
1308 3573 1349 3635 qui
1361 3573 1448 3622 nidore
1459 3574 1561 3624 culinae

1010 3649 1162 3698 Maecenatis
1179 3651 1285 3707 duceris,
1301 3650 1381 3698 verbis
1401 3651 1497 3702 decoris
1516 3655 1560 3704 ob·

1010 3730 1111 3778 volves?
1148 3730 1207 3778 Non
1231 3728 1330 3792 poteris.
1363 3729 1430 3778 Nam
1456 3733 1561 3784 stultior

1010 3809 1085 3857 etiam
1110 3823 1150 3867 es,
1177 3823 1252 3872 quam
1269 3822 1316 3870 ego
1337 3823 1401 3857 sum.
1435 3810 1465 3858 ln
1481 3811 1560 3863 Com·

1010 3894 1148 3936 mentatore
1173 3886 1234 3938 levis
1254 3889 1344 3936 menda
1365 3895 1415 3936 est:
1433 3890 1560 3947 „Verbis
1599 3922 1601 3926 ·

1010 3981 1058 4029 que
1083 3965 1185 4013 decoris.
1212 3966 1242 4013 de
1264 3965 1318 4014 aliis
1341 3966 1402 4014 bene
1419 3967 1558 4032 loquendo,

1010 4050 1034 4092 et
1062 4043 1122 4092 alios
1148 4044 1328 4106 corripiendo.“
1361 4044 1410 4107 leg.
1437 4049 1469 4096 de
1490 4051 1559 4112 illas,

1010 4136 1097 4185 nempe
1120 4123 1193 4171 vitiis.

1045 4204 1080 4250 Te
1096 4204 1188 4252 conius
1205 4204 1379 4264 allenuoapit‚
1392 4209 1560 4258 armenicam

1010 4283 1120 4330 Davom.
1138 4280 1244 4330 Facilior
1260 4288 1325 4330 esset
1341 4283 1427 4332 oratio.
1447 4285 1485 4335 Te
1501 4302 1559 4336 eon-

421 4353 597 4421 προαρπάζων
616 4356 703 4419 ὥσπερ
728 4356 823 4414 ἰκτῖνος
842 4358 874 4404 τὰ
901 4356 966 4421 ὄψα,
1007 4362 1054 4408 luo
1070 4362 1092 4408 si
1114 4361 1198 4409 aliena
1215 4363 1481 4423 camaracensem
1503 4365 1559 4416 Da-

418 4436 460 4483 καὶ
492 4437 538 4485 τὸν
563 4436 676 4495 πλησίον
704 4436 965 4501 παραγκωνιζόμενος.
1006 4453 1072 4486 vani.
1102 4437 1205 4487 Stultior
1222 4453 1248 4487 es
1269 4454 1342 4488 servo
1359 4447 1408 4489 tuo.
1444 4443 1506 4494 Noli
1526 4448 1559 4495 ob

418 4522 442 4562 et
454 4515 494 4564 46.
512 4516 531 4562 ὦ
550 4514 711 4576 Γναθωνίδη,
729 4520 819 4579 γυπῶν
837 4513 967 4564 ἁπάντων
1007 4515 1052 4563 hoc
1070 4517 1162 4566 dictum
1183 4533 1222 4566 me
1242 4518 1315 4566 vultu
1335 4527 1437 4570 terrere:
1460 4539 1493 4574 ne
1516 4541 1558 4575 me

417 4591 556 4654 Sepultura.
578 4596 625 4644 Est
641 4603 665 4644 et
685 4598 806 4658 accipiter
824 4594 900 4658 ἱέραξ,
920 4611 964 4643 uu·
983 4640 986 4661 ἦ
1006 4595 1120 4653 verbera,
1133 4597 1193 4645 dum
1204 4597 1249 4645 tibi
1261 4612 1293 4646 ex
1310 4602 1446 4663 praeceptis
1465 4604 1556 4655 ianito-

418 4672 448 4719 rle
464 4685 602 4735 cognomen
620 4674 696 4735 Regis
717 4676 823 4724 Hieras.

983 4678 985 4724 l
1006 4674 1038 4720 ris
1056 4673 1165 4737 Crispini
1182 4677 1227 4725 hoc
1248 4678 1427 4730 demonstrabo.
1446 4683 1514 4743 Fae,
1533 4693 1558 4736 te
