3750 5759
761 702 943 767 LIBER
989 703 1032 766 ll.

1393 700 1454 764 139

372 892 600 976 Quaecumque
625 890 805 956 immundis
831 891 958 957 fervent
979 891 1080 955 allata
1097 889 1237 975 popinis.

372 994 436 1060 nst
460 995 739 1081 operaepretium
763 995 903 1081 duplicis
926 1015 1115 1080 pernoscere
1138 993 1218 1058 iuris

370 1109 539 1174 Naturam.
588 1109 736 1194 Simplex
758 1131 775 1174 e
799 1109 887 1174 dulci
909 1113 1039 1174 constat
1055 1107 1167 1190 clive,

371 1212 465 1292 Quod
486 1213 604 1300 pingui
626 1213 761 1279 miscere
783 1236 872 1279 mero
895 1213 1064 1298 muriaque
1088 1211 1214 1276 decebit

371 1316 446 1381 Non
469 1317 551 1400 alia,
576 1339 674 1403 quam
698 1341 763 1403 qua
786 1318 947 1402 Byzantia
969 1316 1081 1402 putuit
1104 1337 1185 1380 orca.

371 1420 443 1486 Hoc
466 1421 523 1486 ubi
546 1421 719 1486 confusum
742 1422 840 1488 sectis
864 1420 1023 1486 inferbuit
1045 1418 1153 1485 herbis

372 1524 570 1611 Corycioque
593 1547 686 1591 croco
710 1548 860 1613 sparsum
884 1525 994 1608 stetit,
1019 1525 1153 1609 insuper
1175 1522 1273 1587 addes

372 1627 489 1693 Pressa
511 1628 715 1696 Venafranae
739 1631 826 1716 quod
848 1631 948 1695 bacca
969 1627 1097 1693 remisit
1120 1626 1232 1692 olivae.

372 1730 502 1797 Picenis
526 1733 646 1798 cedunt
668 1734 775 1818 pomis
798 1733 946 1798 Tiburtia
969 1753 1062 1798 suco:
1245 1719 1247 1724 ’
1338 1725 1340 1731 ’

372 1835 457 1900 Nam
480 1836 563 1901 facie
584 1842 761 1922 praestant
808 1837 979 1902 Venucula
1002 1833 1156 1900 convenit
1178 1833 1270 1910 ollis3

373 1939 506 2004 Rectius
529 1939 694 2006 Albanam
717 1940 808 2005 fumo
831 1939 997 2004 duraveris
1019 1960 1127 2004 uvam.

373 2043 469 2109 Hanc
492 2065 552 2129 ego
575 2067 650 2110 cum
672 2044 789 2128 malis,
813 2065 873 2130 ego
897 2044 1020 2108 faecem
1042 2041 1168 2128 primus
1192 2046 1225 2105 et
1246 2039 1357 2123 halec,

304 2232 306 2236 Ι
373 2146 504 2212 Primus
528 2153 561 2213 et
583 2148 731 2214 invenior
753 2148 846 2233 piper
868 2147 996 2230 album,
1021 2168 1097 2212 curn
1120 2146 1188 2211 sale
1211 2143 1305 2228 nigro

373 2251 554 2336 incretum,
576 2253 668 2339 puris
691 2252 962 2338 circumposuisse
985 2251 1115 2318 catillis.

329 2409 385 2472 pide
400 2411 533 2460 mordetur.
566 2410 684 2460 Heinsius
705 2425 801 2474 quoque
818 2425 872 2458 con-

328 2487 393 2538 iicit:
410 2493 538 2540 immersu,
570 2490 672 2539 Nollem
689 2490 789 2538 factum.
806 2490 874 2538 Nam

328 2582 409 2631 neque
419 2569 474 2617 talis
492 2569 637 2618 substantivi
654 2569 774 2631 reperitur
791 2582 873 2616 exem·

329 2648 406 2711 plum.
434 2649 507 2710 Quod
528 2649 652 2696 contendit
673 2663 689 2695 a
705 2651 817 2697 mordere
833 2648 874 2696 de·

330 2728 386 2776 duci
402 2731 563 2787 immordcre,
579 2728 649 2775 sicuti
665 2728 818 2784 remordere,
835 2728 874 2774 de·

330 2809 451 2867 mordere,
464 2809 631 2870 promcrdcre,
648 2805 711 2853 nihil
723 2812 766 2853 est.
798 2806 874 2854 Bent-

330 2886 392 2934 leius
417 2887 503 2934 eodem
524 2892 671 2948 argumento
687 2887 818 2933 immersus
834 2886 874 2933 de-

332 2965 417 3015 fendit.
451 2965 479 3015 Si
495 2966 542 3014 hoc
562 2980 610 3013 usu
631 2971 756 3027 receptum
778 2964 875 3023 fuisset,

330 3047 358 3094 in
373 3052 443 3094 tento
453 3046 600 3108 scriptorum
616 3058 719 3093 numero
734 3058 813 3106 pauca
829 3043 875 3091 ssl-

916 2411 1000 2459 ulicte
1022 2411 1130 2473 popinis.
1174 2408 1321 2459 Stomachus
1348 2422 1458 2457 marcens

915 2488 1014 2537 mavult
1036 2490 1119 2537 omnia
1139 2490 1235 2547 elicta,
1257 2501 1417 2550 quaecunque
1433 2488 1458 2534 in

915 2569 1009 2632 popinis
1027 2568 1130 2626 fervent,
1147 2580 1223 2629 quarn
1232 2566 1363 2625 lactucam,
1373 2580 1459 2630 quam-

916 2648 952 2695 vis
978 2662 1072 2704 acrem,
1103 2647 1160 2694 vino
1188 2653 1271 2695 tamen
1298 2647 1458 2694 innatantem.

915 2725 983 2775 Cibis
1000 2733 1082 2773 autem
1094 2725 1173 2774 aliatis
1184 2724 1246 2773 nihil
1261 2733 1298 2772 est
1317 2725 1459 2782 ferventius,

915 2808 996 2856 indice
1012 2806 1132 2865 Horatio,
1149 2806 1191 2868 qui
1213 2804 1288 2852 simul
1305 2805 1345 2852 hic
1361 2805 1460 2863 odium,

915 2901 965 2950 quo
999 2886 1102 2934 herbam
1123 2885 1301 2943 detestabatur,
1332 2885 1458 2946 expressit.
1520 2883 1525 2891 “

915 2965 1032 3025 Calorem
1053 2967 1080 3013 in
1096 2965 1175 3027 Epod.
1192 2964 1236 3013 ΠΙ
1265 2964 1388 3026 depinxit:
1407 2966 1460 3014 Nec

916 3051 1006 3094 tantus
1022 3061 1133 3109 uuquam
1144 3047 1254 3094 siderum
1265 3047 1358 3094 insedit
1373 3060 1459 3108 cuper,

332 3131 382 3174 tem
407 3125 547 3174 testimonia
575 3125 749 3173 inveniremus.
792 3123 877 3185 Quare
917 3128 1068 3176 siticulosae
1084 3127 1209 3189 Apul-iae:
1232 3127 1286 3174 Nec
1306 3140 1398 3173 munus
1415 3125 1459 3172 hu-

332 3203 466 3268 legendum
482 3218 582 3252 censeo:
612 3205 729 3266 Placitae
746 3204 877 3252 admoram
916 3206 991 3253 meris
1007 3206 1117 3267 efficacis
1134 3205 1252 3254 Herculis
1285 3206 1389 3254 Inursit
1406 3219 1460 3253 ues-

333 3283 411 3346 refiei.
445 3283 573 3333 Vocabula
589 3283 620 3331 ab
636 3284 708 3332 litera
724 3282 876 3344 mincipien·
917 3286 1020 3333 tuosius.
1062 3287 1180 3333 Aliarum
1208 3291 1245 3332 est
1270 3282 1349 3332 omnis
1378 3283 1459 3342 cibus,

332 3362 368 3410 tis
400 3377 472 3427 saepe
504 3378 548 3426 per
574 3361 732 3410 librariorum
756 3362 876 3410 incuriam
916 3364 956 3410 cui
972 3363 1048 3411 alium
1065 3370 1102 3412 est
1118 3365 1243 3412 intritum:
1265 3362 1328 3410 conf.
1351 3363 1459 3412 Turneb.

332 3443 488 3505 augebantur
504 3442 602 3506 syllaba
622 3444 661 3500 ic,
679 3441 719 3489 vel
735 3443 762 3489 iu
778 3442 876 3489 omitte-
917 3442 948 3489 ad
969 3442 1054 3491 Plauti
1076 3443 1183 3492 Mosteil.
1203 3443 1225 3492 I.
1242 3457 1260 3490 1.
1278 3441 1317 3489 45.
1350 3442 1460 3503 Antepc·

334 3523 413 3572 batur.
445 3524 498 3572 Nec
520 3522 612 3580 dubito,
636 3521 697 3585 quin
721 3519 797 3570 MSS.
825 3519 877 3568 fue·
917 3520 1024 3568 nultima
1040 3522 1069 3569 in
1085 3523 1167 3570 clieta
1184 3520 1384 3578 marahnurat
1400 3534 1460 3568 mox

334 3603 398 3661 rint,
430 3603 457 3650 in
481 3602 571 3665 quibus
600 3600 743 3664 legebatur:
768 3599 877 3662 flacitat
918 3613 956 3646 vs.
981 3599 1021 3648 65.
1045 3603 1147 3659 muria,
1164 3607 1189 3649 et
1215 3598 1288 3649 Satir.
1311 3599 1332 3647 I.
1354 3612 1403 3646 vn.
1419 3600 1460 3648 30.

334 3684 370 3730 ud
386 3684 526 3731 immersus.
560 3680 613 3730 Alii
638 3684 802 3728 correxerunt
823 3683 890 3727 ver·x
917 3681 1092 3729 mudcmiator.
1109 3679 1292 3742 'lumfmumt
1305 3679 1404 3740 popinis
1417 3694 1461 3742 pro

334 3775 403 3818 sum,
423 3761 504 3810 deleto
524 3763 575 3827 cd&
591 3774 648 3808 cum
673 3758 754 3808 delere
782 3759 878 3807 debuis-
918 3759 945 3807 in
960 3761 1070 3822 popinis,
1086 3767 1115 3807 ut
1131 3758 1205 3808 Satir.
1221 3759 1258 3808 II.
1272 3772 1310 3807 111.
1322 3758 1363 3807 48.
1382 3760 1461 3808 Silvis

336 3849 390 3890 sent
405 3844 448 3890 im.
918 3842 1079 3890 dextrorsum
1095 3843 1156 3890 acc.

371 3922 538 3985 Quaecunque
545 3922 681 3970 immundis
682 3920 786 3983 servent
797 3921 880 3968 allata
951 3922 1063 3970 Primus
1072 3926 1097 3969 et
1112 3923 1232 3970 invenior.
1254 3910 1399 3983 Legendum
1416 3934 1460 3982 pu-

334 4003 443 4064 popim's.
460 4001 599 4050 Bentleius:
628 3999 744 4064 „perinde
760 4004 797 4047 est
813 4013 842 4046 ac
858 3999 880 4046 si
917 4006 955 4049 tc:
973 4002 1094 4050 iuvenior.
1128 4000 1178 4062 Qui
1202 4000 1304 4048 annales
1321 4013 1404 4047 rernm
1422 4013 1460 4046 co·

337 4081 439 4130 dixisset
463 4081 581 4129 ferventia
606 4080 751 4137 afferuntur,
774 4094 790 4125 a
814 4079 878 4126 cocis
918 4080 1087 4142 quinariamm
1104 4087 1188 4142 postea
1208 4080 1334 4137 evolvant,
1351 4079 1378 4127 hi
1395 4080 1460 4127 inve-

336 4161 427 4210 scilicet
443 4161 484 4209 vel
499 4162 642 4209 ministris.“
659 4161 796 4218 Sententia,
811 4166 879 4222 pute,
918 4160 987 4208 nient
1003 4175 1043 4209 me
1060 4161 1168 4223 primurn
1184 4159 1398 4222 circumposuisse,
1415 4172 1461 4220 ego

338 4241 398 4289 haec
417 4248 466 4290 est:
491 4240 624 4298 ferventia,
646 4239 727 4303 quaha
743 4239 768 4286 in
784 4241 879 4302 popinis
918 4243 1034 4288 inveniar
1058 4241 1265 4301 circumposuisse.
1298 4239 1419 4287 Variatur
1435 4238 1461 4285 in

338 4329 483 4384 coquuntur,
497 4321 654 4369 vehementer
667 4319 795 4366 irritantis.
812 4320 879 4368 Nam
919 4317 996 4369 MSS.
1013 4322 1104 4378 iurem,
1117 4320 1234 4368 iacenter.
1263 4318 1333 4367 Idem
1344 4317 1398 4367 aliis
1410 4332 1461 4366 mo-

339 4400 364 4447 in
380 4401 506 4459 convivio,
532 4401 563 4447 de
587 4414 636 4462 quo
658 4397 699 4445 hic
720 4399 811 4461 agitur,
833 4400 880 4447 ista
919 4399 956 4446 dis
983 4398 1088 4461 exprimi
1113 4404 1220 4460 poterat:
1252 4400 1351 4460 primus
1378 4399 1462 4446 iuvem

339 4495 389 4528 non
405 4486 545 4543 peterentur
562 4492 593 4526 ex
610 4478 721 4542 popinis,
738 4493 801 4541 quac
817 4478 880 4527 nulli
919 4480 1108 4540 circumponere,
1125 4487 1153 4525 ut
1170 4477 1221 4527 Sat.
1238 4477 1274 4526 Il.
1286 4492 1344 4526 vrri.
1354 4478 1393 4526 51.
1406 4479 1461 4525 icu-

339 4573 395 4607 cooo
411 4566 492 4608 essent
508 4560 601 4622 ignota,
618 4564 643 4606 et
658 4559 725 4606 domi
747 4558 835 4606 melius
852 4574 881 4605 ac
921 4561 960 4606 ius
988 4573 1029 4620 cpe
1058 4559 1157 4621 primus
1183 4572 1285 4606 amaras
1319 4556 1462 4606 Mauricum

340 4641 452 4688 mundius
473 4641 554 4703 parari
575 4644 680 4701 possent.
719 4637 881 4686 Scribendum
920 4639 1060 4699 incoquere:
1082 4638 1176 4700 primus
1197 4638 1312 4685 inventor
1328 4637 1461 4699 circumpo-

340 4735 439 4772 csnsoo:
461 4722 627 4783 Quaecunque
636 4720 773 4772 immundis
778 4720 882 4783 seruent
920 4719 970 4778 sui;
987 4720 1192 4781 circumposuisse
1202 4717 1281 4779 magis
1299 4716 1406 4780 postulat
1423 4719 1460 4764 iu·
