3750 5759
784 659 965 725 LIBER
1012 661 1054 725 ΙΙ.
1438 664 1500 725 113

403 844 493 927 „Hic
512 843 602 912 fossa
627 853 678 912 est
698 848 834 934 ingens,
865 849 917 915 hic
942 871 1038 935 rupes
1061 849 1223 927 maxima;
1249 848 1382 915 servai“

402 947 477 1013 Non
499 949 607 1035 magis
634 951 794 1036 audierit,
818 975 918 1039 quarn
941 953 1055 1020 Fufius
1080 952 1188 1018 ebrius
1215 951 1314 1036 olim,

402 1051 511 1132 Quum
535 1054 677 1121 Ilionam
701 1058 860 1142 edormit,
886 1057 1033 1124 Catienis
1057 1058 1150 1124 mille
1174 1057 1341 1123 ducentis:

401 1155 548 1242 „Mater‚
575 1164 607 1225 te
629 1160 803 1246 appelloi“
828 1162 1058 1228 clamantibus.
1108 1161 1196 1227 Huic
1221 1183 1281 1247 ego
1304 1161 1423 1246 vulgus

400 1259 510 1326 Emori
534 1263 676 1329 similem
700 1272 855 1332 cunctum
878 1267 1022 1333 insanire
1045 1268 1174 1333 docebo,

400 1365 530 1433 Insanit
552 1374 676 1436 veteres
701 1375 828 1437 statuas
853 1372 1075 1458 Damasippus
1099 1372 1253 1438 emendo:
1373 1390 1381 1418 ·

399 1468 531 1556 Integer
554 1478 605 1538 est
628 1474 750 1540 mentis
776 1475 972 1560 Damasippi
996 1475 1156 1540 creditor?
1202 1475 1301 1539 Esto:

400 1572 563 1660 „Aocipe,
588 1578 675 1662 quod
698 1600 867 1664 nunquam
890 1579 1006 1643 reddas
1031 1578 1159 1662 mihi·,“
1184 1578 1212 1643 si
1237 1576 1298 1642 tibi
1322 1575 1446 1659 dicam,

351 1731 481 1793 tragoedia
489 1730 657 1796 φιλημὴτηρ.“
668 1731 742 1788 Vult,
751 1732 831 1789 credo,
841 1733 903 1779 uari·
945 1731 998 1780 bat:
1020 1735 1084 1783 Cam
1103 1735 1190 1781 Iliona
1207 1734 1306 1782 donarat.
1332 1731 1427 1781 Contra
1444 1729 1491 1778 for-

351 1826 383 1858 aa
395 1817 477 1859 nsoter
490 1825 543 1859 esse
555 1812 765 1873 pronuntiandum
775 1820 902 1875 tamquam
943 1812 1037 1860 mulam
1053 1814 1080 1861 in
1097 1814 1144 1861 hac
1158 1827 1186 1861 re
1202 1813 1326 1861 usitatam.

352 1905 440 1938 vocem
474 1891 651 1953 compositam,
678 1893 850 1947 arrtaaanater,
875 1897 904 1938 ut
977 1892 1127 1943 Dodorlinns
1140 1895 1190 1942 vim
1200 1894 1328 1957 compositi
1339 1893 1365 1941 in
1376 1906 1405 1940 eo
1417 1906 1489 1954 quac-

351 1971 413 2035 φιἋη
430 1970 512 2036 μήτηρ
529 1970 686 2036 φιλημίητηρε
704 1986 764 2034 ergo
776 1972 903 2034 iungenda
943 1972 984 2029 rit,
1001 1979 1029 2020 ut
1051 1973 1139 2022 Fufius
1165 1973 1226 2021 illud
1244 1975 1334 2021 Mater
1352 1979 1375 2020 te
1392 1971 1490 2034 appella

352 2051 436 2099 amieo
446 2056 536 2110 creater,
545 2066 595 2099 non
603 2050 737 2113 legendum
750 2053 839 2109 ariana,
851 2068 903 2099 arn·
944 2053 1090 2102 dormiendo
1107 2054 1253 2117 neglexerit,
1270 2052 1410 2116 perdiderit.

353 2130 561 2193 tenPorphyrio:
575 2130 684 2190 „Melias
692 2131 903 2192 cstacoipiarniaa
978 2131 1092 2182 Catienis
1110 2135 1176 2182 mitte
1193 2134 1320 2189 ducentis,
1338 2131 1444 2189 „Mam
1465 2135 1489 2176 te

354 2215 451 2265 mater,
477 2216 505 2256 ut
522 2209 554 2257 sit
572 2224 604 2257 cx
622 2209 718 2259 Gracco
735 2217 841 2258 tractum
859 2213 901 2275 φῖ·
943 2214 1057 2274 appelta“
1074 2214 1250 2261 claustralibus.
1285 2210 1489 2260 Commentator:

352 2289 386 2354 λη
400 2287 496 2352 μήτηρ,
514 2304 588 2352 quam
606 2304 650 2352 per
667 2304 693 2338 se
710 2292 799 2349 ararica,
816 2305 860 2353 per
876 2305 902 2338 se
943 2291 1047 2349 „Fufius
1064 2291 1151 2338 histrio
1167 2291 1219 2352 egit
1235 2297 1316 2352 partes
1334 2288 1436 2344 Ilionae,
1447 2286 1489 2351 qui

353 2368 441 2416 deinde
458 2375 547 2424 anactea,
566 2369 625 2431 quia
647 2370 799 2417 mentionem
816 2371 902 2418 uxoris
942 2371 1037 2428 ebrius,
1063 2370 1122 2418 dum
1148 2369 1210 2417 vult·
1231 2369 1349 2417 simulare
1381 2367 1489 2415 Ilionam

353 2445 411 2494 facit
428 2447 453 2495 in
479 2448 668 2517 sequentibusf‘,
696 2448 728 2497 In
749 2448 794 2496 tali
813 2448 901 2512 affectu
942 2450 1115 2508 dormientem,
1131 2449 1254 2512 gravitate
1279 2448 1332 2496 vini
1353 2446 1379 2495 in
1401 2460 1489 2494 verum

354 2527 428 2591 φιἊος
456 2529 636 2592 frequentatur.
679 2531 804 2578 Homerus
830 2546 903 2594 saepe
921 2548 924 2557 ⁴
942 2543 1057 2577 somnum
1080 2530 1195 2576 inductus
1218 2534 1270 2586 cst,
1288 2534 1361 2589 atque
1383 2526 1418 2573 ita
1434 2526 1490 2572 dor·

352 2607 429 2670 μητρί
449 2609 521 2674 φίλη,
540 2609 619 2672 πατρὶ
636 2609 709 2674 φίλῳ.
734 2611 815 2658 Poeta
833 2614 904 2672 opaca
942 2609 1026 2666 mivit‚
1044 2616 1072 2656 ut
1088 2623 1137 2656 non
1155 2606 1253 2655 audiret
1269 2607 1344 2655 etiarn
1355 2603 1423 2652 mille
1441 2603 1489 2652 Ca-

354 2685 425 2735 Stob.
454 2687 533 2737 Serm.
558 2688 598 2736 89.
625 2688 660 2746 ὡς
676 2689 731 2738 οὐδὲ
742 2688 824 2754 μήτηρ
840 2691 901 2750 ἡδο·
942 2689 1019 2738 tienos
1036 2697 1137 2751 agentes
1154 2695 1237 2750 partes
1254 2685 1299 2734 filii
1314 2683 1447 2746 Polydori,
1464 2691 1490 2731 et

352 2766 403 2823 νὰς
420 2768 491 2824 τοίας
508 2767 573 2831 ἔχει,
599 2768 629 2816 οὐ
654 2767 744 2826 παῖδες
761 2768 901 2833 ἀνθρώποι-
942 2769 1101 2817 inclamantes
1126 2773 1231 2816 matrem
1256 2764 1388 2814 Ilionam.“
1413 2769 1488 2825 atque
1557 2763 1559 2767 ’

352 2861 403 2906 σιν,
420 2847 450 2895 οὐ
468 2847 542 2911 pallos
564 2845 659 2912 πατὴρ.
941 2848 977 2897 ita
1001 2849 1079 2911 vulgo
1103 2848 1227 2911 accipitur.
1261 2842 1412 2905 Docringius
1431 2857 1455 2890 v.
1467 2855 1488 2890 c.

385 2924 549 2975 Dodorlinns:
558 2929 649 2976 alenset
657 2929 747 2983 amica,
759 2927 791 2973 M
792 2933 848 2975 ater
858 2929 899 2977 ira·
942 2936 986 2987 „ut
1002 2929 1070 2978 mille
1087 2928 1185 2977 ducenti
1196 2925 1294 2977 Catieni
1305 2923 1411 2971 clamare
1419 2920 1487 2969 vide-

353 3009 434 3060 nesta‚
450 3019 520 3053 saror
536 3020 592 3053 eant
609 3007 728 3066 coartatis,
745 3011 820 3067 patet·
829 3021 900 3055 naor.
941 3011 1052 3056 rentur.“
1085 3006 1152 3056 Illud
1176 3007 1333 3062 aiderentar,
1359 3009 1391 3061 et,
1412 3003 1489 3050 atiena

352 3081 369 3131 i.
379 3095 400 3129 e.
412 3081 501 3130 clamet
512 3084 598 3141 amica,
608 3083 648 3132 vel
665 3085 687 3132 si
703 3085 777 3134 scorti
790 3086 900 3134 admoni-
942 3088 1011 3136 atille
1029 3087 1146 3136 Catienae
1171 3085 1197 3133 in
1219 3084 1300 3133 verbis
1321 3081 1423 3151 Horatii
1438 3095 1487 3130 nou

353 3161 389 3208 tio
399 3160 462 3209 levis
473 3163 595 3220 videatur,
612 3163 719 3213 clament
733 3166 796 3213 adeo
804 3166 901 3215 honesti
941 3173 985 3215 est.
1022 3168 1079 3216 Nan
1104 3168 1185 3228 masis
1210 3163 1314 3212 audierit
1335 3176 1412 3225 quam
1436 3161 1489 3210 su-

352 3242 597 3300 monitores,mater,
615 3259 695 3303 soror,
713 3244 810 3303 fratres,
821 3253 899 3308 pater.
941 3246 1001 3305 frus,
1019 3245 1193 3310 supplendum,
1209 3258 1285 3307 quam
1301 3241 1392 3292 Fufius
1419 3241 1489 3287 audi

388 3319 454 3370 Cam
483 3323 594 3370 Ilionam
625 3325 738 3373 adarmit
783 3325 900 3374 Fortasse
941 3327 985 3375 vit.
1003 3327 1101 3375 Revera
1116 3322 1372 3385 clamabant,opin0r,
1390 3320 1489 3369 Catieni

352 3401 425 3463 poita
437 3401 650 3464 cogitabat:Cum
663 3403 769 3452 Ilionam
777 3405 899 3452 dormien-
941 3406 1008 3454 mille
1035 3404 1141 3453 ducenti.
1175 3402 1279 3452 Cationo
1302 3401 1439 3458 clamante,
1465 3406 1490 3448 et

352 3489 404 3529 tem
420 3488 514 3544 ageret,
531 3481 657 3544 crapulam
674 3483 788 3532 edormit.
816 3483 860 3531 Ab
871 3498 900 3532 co
941 3485 1014 3534 Fufio
1047 3492 1132 3533 tamen
1164 3496 1280 3531 somnum
1314 3480 1489 3536 continuante,

352 3568 436 3609 tamen
451 3560 570 3624 scriptum
584 3561 659 3609 fuisse
667 3569 740 3625 puto:
761 3562 826 3611 Cam
838 3565 900 3612 Itia-
941 3572 1101 3629 spectatores,
1117 3570 1145 3611 ut
1167 3569 1204 3611 est
1225 3561 1335 3624 lepidum
1352 3573 1444 3621 genus,
1462 3559 1486 3605 in

352 3656 414 3688 nam
439 3642 541 3689 dormit.
579 3640 647 3689 Nota
672 3647 730 3688 sunt
755 3640 798 3689 illa
821 3645 902 3691 saltat
941 3647 1019 3694 risum
1044 3643 1127 3699 effissi,
1155 3641 1249 3706 ingenti
1274 3654 1389 3698 numero,
1414 3637 1488 3686 simul

356 3720 474 3782 Cadmi
491 3725 578 3768 “imai
594 3722 672 3768 ⁰lla¹1⁸
692 3723 716 3768 T
716 3723 829 3782 hienae.
844 3721 900 3778 fllia,
942 3726 1094 3775 clamabant:
1120 3723 1210 3772 Mater
1236 3727 1260 3770 te
1285 3722 1390 3783 appello.
1433 3718 1488 3768 Ali-

353 3799 384 3847 de
400 3798 488 3862 quibus
504 3798 635 3847 Heindorf.
657 3808 682 3848 et
704 3800 900 3851 Wustcmannus
943 3809 1014 3872 quid,
1032 3807 1090 3856 huic
1105 3819 1157 3853 non
1173 3802 1305 3863 dissimile,
1316 3803 1411 3851 Romae
1428 3801 1489 3849 ami·

353 3879 386 3926 od
403 3878 478 3928 Satir.
495 3880 517 3928 I.
534 3893 561 3927 v,
579 3881 618 3928 63.
636 3879 724 3937 iliona,
742 3889 770 3929 ut
780 3888 817 3929 cst
836 3883 902 3944 apud
943 3890 980 3937 dit
996 3896 1106 3950 tompore
1126 3884 1230 3935 Galbae.
1265 3882 1396 3933 Suetonius
1417 3880 1489 3932 Galb.

353 3958 506 4017 Pacuvium,
533 3975 616 4008 ⁸0m71⁰
640 3975 729 4010 euram
753 3976 902 4024 «impetitam
946 3970 983 4018 13.
1018 3969 1146 4016 Atellania
1178 3965 1336 4013 notissimam
1363 3960 1489 4010 canticam

354 4041 461 4088 lwetot.
492 4041 563 4104 Ergo
579 4044 730 4100 territabat,
755 4057 835 4106 ncquc
852 4042 902 4091 his·
944 4047 1056 4097 exorsis:
1074 4044 1167 4094 “Venit
1184 4042 1208 4091 io
1225 4040 1357 4091 Onesimus
1374 4056 1389 4088 a
1405 4040 1490 4098 villa,“

354 4119 404 4167 trio
419 4119 535 4169 simulare
553 4128 649 4183 poterat
665 4125 847 4172 edernrientear.
869 4124 903 4171 Et
944 4127 1029 4176 canati
1052 4126 1128 4174 aintul
1151 4128 1304 4187 spectatores
1325 4123 1492 4171 consentiente

355 4213 442 4256 curae,
458 4215 522 4263 quae
539 4201 646 4249 Ilionam
663 4201 835 4260 solllcitabant,
852 4217 902 4250 non
944 4221 1000 4256 vaae
1024 4206 1148 4267 reliquam
1171 4207 1271 4266 partem
1288 4202 1444 4256 retulerant,
1461 4213 1491 4247 aa

355 4281 392 4329 ita
407 4282 590 4338 edoraniantnr,
608 4296 654 4330 nec
670 4281 789 4345 Polydori
805 4283 902 4341 umbra,
943 4287 1044 4348 saepias
1060 4297 1133 4332 tiaran
1150 4282 1257 4344 repetita
1273 4285 1383 4342 eaernnt.

356 4359 466 4408 clamans
484 4359 571 4409 dlater
596 4366 621 4408 ta
645 4364 756 4423 appatio,
781 4363 903 4411 edormire
978 4366 1020 4414 Ex
1036 4360 1195 4410 annotatione
1211 4358 1352 4409 Hcindorfii
1368 4357 1432 4406 hanc
1449 4372 1491 4406 ex-

356 4440 459 4489 sincbat.
498 4439 697 4489 commentator:
725 4440 806 4500 „Cum
828 4441 904 4490 vellet
923 4450 926 4475 ¹
946 4444 1221 4508 plicationemnonesse
1238 4453 1329 4487 novam
1340 4438 1420 4486 video.
1445 4437 1492 4486 Ille

356 4521 463 4570 Ilionam
475 4521 637 4569 dormientem
648 4521 902 4584 exprimere.“Acro:
924 4495 926 4550 l
946 4538 997 4573 non
1013 4523 1111 4579 laudat,
1136 4533 1216 4583 noque
1241 4533 1326 4567 ornnes
1344 4525 1492 4581 spectatores

358 4598 440 4658 „Cum
448 4599 521 4648 vellet
530 4615 585 4649 eam
595 4601 711 4650 simulare
719 4601 903 4650 dormientem.“
924 4561 927 4635 l
946 4603 1065 4651 clamasse
1083 4607 1166 4666 putat,
1182 4614 1237 4648 curn
1252 4599 1305 4647 sine
1322 4599 1396 4647 dubio
1406 4613 1492 4647 nume-

358 4678 501 4741 Lannepius
519 4679 549 4726 ad
567 4677 704 4728 Coluthum
724 4695 747 4742 p.
768 4681 822 4729 122.
840 4679 904 4743 lege·
925 4653 927 4695 Ι
947 4698 989 4730 rus
1007 4696 1091 4731 eorum
1109 4681 1195 4729 saltem
1213 4680 1291 4729 decies
1303 4680 1381 4728 maior
1398 4678 1493 4727 fuisset.

1339 4764 1358 4825 8
