3750 5759
392 678 454 740 102
786 669 1139 737 SATIRARUM

433 863 579 947 Aegrum
604 859 761 925 sollicitat
785 858 1008 939 stomachum,
1034 879 1135 942 quum
1159 855 1274 940 rapula
1296 854 1414 941 plenus

432 966 543 1051 Atque
566 963 674 1030 acidas
698 963 826 1028 mavult
849 960 967 1028 inulas.
1016 960 1165 1025 Necdum
1190 959 1296 1024 omnis
1319 959 1437 1025 abacta

433 1068 608 1155 Pauperies
633 1067 738 1154 epulis
762 1088 895 1151 regum:
920 1086 997 1131 nam
1022 1063 1143 1129 vilibus
1168 1063 1238 1128 ovis

432 1172 609 1258 Nigrisque
632 1176 683 1237 est
706 1170 788 1236 oleis
811 1168 908 1234 hodie
931 1168 1031 1235 locus.
1081 1166 1181 1231 Haud
1204 1165 1252 1231 ita
1274 1165 1402 1251 pridem

432 1276 564 1342 Galloni
588 1274 757 1361 praeconis
781 1278 850 1338 crat
873 1271 1059 1357 acipensere
1081 1292 1197 1336 mensa

429 1379 577 1444 infamis.
626 1378 735 1459 Quid?
758 1385 830 1442 tum
853 1376 1007 1440 rhombos
1031 1374 1142 1440 minus
1165 1397 1305 1460 aequora
1328 1373 1483 1440 alebant?

426 1473 528 1548 Tutus
553 1489 622 1549 erat
644 1482 818 1563 rhombus,
844 1487 981 1566 tutoque
1004 1479 1130 1544 ciconia
1152 1479 1251 1562 nido,

329 1661 332 1667 ¹
426 1586 537 1651 Donec
560 1608 618 1651 vos
642 1591 755 1651 auctor
778 1584 889 1651 docuit
912 1582 1103 1668 praetorias.
1153 1583 1241 1668 Ergo

428 1689 463 1755 si
487 1690 561 1775 quis
585 1712 672 1754 nunc
696 1710 825 1773 mergos
849 1709 965 1753 suaves
991 1686 1130 1752 edixerit
1152 1674 1259 1768 asson,

426 1793 560 1858 Parebit
582 1794 676 1878 pravi
699 1791 814 1857 docilis
838 1792 989 1855 Romana
1011 1789 1174 1855 iuventus.

424 1896 581 1963 Sordidus
605 1920 625 1962 a
647 1897 739 1962 tenui
761 1896 853 1962 victu
876 1895 1031 1977 distabit,
1057 1893 1164 1960 Ofello

425 2001 554 2067 Indice:
579 2023 657 2066 nam
680 2000 803 2065 frustra
825 1998 945 2064 vitium
968 1997 1123 2063 vitaveris
1147 1997 1246 2081 illud,

428 2105 463 2170 si
486 2109 520 2170 te
544 2104 609 2170 alio
632 2127 770 2191 pravum
794 2101 976 2169 detorseris.
1024 2100 1225 2185 Avidienus,

378 2229 420 2272 net
436 2226 505 2273 orbes
527 2226 632 2274 Grande
648 2229 715 2275 ebur.
749 2225 823 2273 Dixit
837 2231 928 2288 pulcre
968 2224 1004 2271 lin
1019 2222 1074 2272 sim.
1093 2223 1140 2272 hoc
1157 2230 1194 2272 est
1211 2227 1302 2287 ubique
1317 2225 1346 2272 in
1363 2224 1460 2281 ltalia,
1476 2238 1520 2287 per

372 2304 507 2363 uidentur,
522 2306 589 2368 quod
606 2305 631 2353 in
649 2304 755 2354 Horatio
772 2313 810 2354 est
821 2309 923 2368 putent.
968 2308 1045 2350 totam
1062 2303 1171 2352 Italiam.
1189 2320 1213 2352 v.
1231 2303 1394 2367 Oudendorp.
1412 2303 1445 2352 ad
1458 2303 1517 2354 cae-

376 2381 495 2430 Fortasse
511 2383 629 2446 explicari
644 2391 758 2448 poterant
769 2385 816 2433 ista
827 2399 859 2432 ex
872 2398 926 2431 ver·
966 2397 1014 2432 sar.
1031 2384 1061 2432 B.
1080 2382 1111 2432 G.
1132 2399 1154 2432 r.
1177 2385 1216 2432 55.
1254 2385 1335 2432 Totus
1355 2390 1380 2432 et
1401 2389 1517 2440 tutum

376 2459 412 2508 bis
435 2460 543 2511 Senecae
568 2464 649 2526 Epist.
672 2465 712 2511 95.
748 2464 819 2513 Scins
838 2469 925 2525 piure-
966 2462 1322 2526 etiaquamsaepeincodd.
1335 2461 1516 2520 sintconfusa,

375 2555 442 2589 scere
458 2548 558 2599 currito,
575 2559 624 2591 non
640 2545 764 2605 concoqui.
965 2554 1038 2588 nemo
1060 2541 1166 2604 ignorat.
1202 2541 1323 2592 Horatius
1344 2548 1429 2590 autem
1446 2543 1517 2591 55155

415 2618 548 2669 Caeterum
573 2623 666 2670 mentio
691 2625 751 2684 apri
776 2622 817 2670 hic
841 2622 924 2669 minus
965 2620 1071 2678 addidit,
1089 2621 1148 2684 quia
1165 2621 1191 2669 in
1207 2623 1275 2670 nidis
1292 2621 1437 2684 cogitantur
1452 2621 1515 2684 pulli

375 2707 514 2762 opportuna
530 2707 580 2760 est,
597 2717 671 2764 quam
689 2708 753 2750 esset
770 2703 832 2750 noia
857 2701 924 2749 Nam
964 2700 1083 2756 ciconiae,
1101 2707 1175 2764 atque
1192 2701 1230 2749 illi
1245 2701 1389 2763 praesertim
1400 2699 1516 2763 peteban·

374 2779 471 2828 locutus
488 2788 542 2829 erat
562 2783 592 2829 de
609 2783 696 2830 auibus
712 2787 737 2830 et
752 2783 876 2844 piscibus,
900 2789 924 2830 et
963 2785 1005 2827 tur
1022 2796 1037 2828 a
1054 2779 1154 2844 gulosis.
1188 2780 1277 2829 Pullos
1294 2781 1423 2829 comedere
1434 2779 1515 2829 docuit

374 2860 405 2908 de
425 2861 513 2910 iisdem
534 2861 561 2910 in
583 2878 619 2926 sq.
640 2862 764 2926 loquitur,
781 2868 809 2909 ut
826 2862 856 2910 de
873 2865 923 2911 aci·
965 2864 1050 2906 auctor
1059 2860 1204 2921 praetorius.
1217 2859 1514 2919 Commentator:„Sem·

373 2956 488 3001 penscre,
511 2943 624 3000 rhombo,
649 2944 759 3000 ciconia,
779 2944 880 3004 nterpir,
898 2948 924 2989 at
963 2938 1065 3001 pronius
1094 2938 1176 2987 Rufus
1208 2938 1347 3001 praetorius
1380 2937 1514 2987 instituisse

374 3017 405 3066 de
430 3035 493 3081 apro
517 3020 617 3068 demum
646 3036 682 3069 vs.
706 3021 747 3069 89.
780 3023 924 3070 Rancidum
963 3018 1071 3065 creditur
1087 3024 1116 3064 ut
1132 3017 1284 3065 ciconiarum
1301 3016 1365 3080 pulli
1380 3020 1513 3067 manduca·

374 3111 467 3158 aprum
484 3102 585 3162 antiqui
601 3102 748 3148 laudabant.
794 3153 797 3158 ¹
963 3102 1062 3144 rentur:
1080 3111 1169 3158 quare,
1191 3111 1270 3160 quum
1291 3096 1318 3143 in
1336 3103 1456 3159 praetura
1471 3113 1511 3162 pe-

410 3178 525 3225 Necdum
549 3181 630 3226 omnia
655 3182 745 3227 abiecta
782 3181 924 3240 Pnnpnien
964 3176 1170 3238 tendarepulsam
1179 3176 1282 3234 tulisset,
1291 3176 1342 3224 tale
1350 3177 1513 3239 Epigramma

373 3257 454 3316 epulis
470 3272 563 3319 rapum.
598 3258 787 3322 Comparandus
807 3258 846 3306 hic
863 3274 922 3322 quo-
963 3255 1065 3304 meruit:
1085 3255 1247 3305 Ciconiarum
1264 3256 1354 3320 Rufus
1370 3259 1419 3305 iate
1433 3259 1512 3307 condi·

373 3348 421 3397 que
442 3335 546 3386 Lucina,
569 3338 648 3400 Epist,
673 3337 775 3388 Sarum.
792 3339 831 3386 28.
860 3339 922 3397 ἴδοις
963 3338 1014 3392 tor,
1040 3335 1095 3383 Hic
1111 3340 1149 3383 ert
1166 3337 1260 3384 duobus
1277 3337 1416 3398 elinantior
1434 3340 1511 3386 Pinn-

375 3413 408 3463 ἂν
432 3416 527 3474 αὐτοὺς
550 3416 614 3466 οὕτω
636 3414 756 3480 λαχάνου
778 3420 820 3466 καὶ
841 3419 922 3484 θύμου
961 3413 1009 3471 cia,
1029 3413 1218 3476 Suffrupiorurn
1232 3419 1330 3477 puncta
1343 3419 1510 3466 neutralitas·

372 3493 538 3559 ὀρεγομένους
555 3496 643 3558 iniere,
663 3497 746 3561 ὥσπερ
758 3497 814 3546 οὐδὲ
827 3499 858 3546 σύ
870 3503 922 3548 τῶν
959 3497 1036 3553 piem·
1072 3491 1235 3542 Ciconiarum
1255 3495 1365 3556 populus
1387 3496 1461 3545 ultae
1476 3502 1512 3546 eat

372 3572 460 3635 λαγῶν
477 3574 519 3621 καὶ
536 3579 613 3623 συῶν,
962 3576 1089 3619 naortem.“
1122 3570 1283 3622 Burmannus
1305 3580 1441 3623 venustum
1461 3590 1510 3625 ear·

408 3653 490 3700 Tutus
506 3659 563 3701 erat
580 3655 712 3709 mmm,
736 3660 838 3715 tutoque
859 3658 920 3705 0500.
961 3662 1018 3697 men
1035 3650 1112 3699 edidit
1129 3651 1154 3699 in
1172 3653 1280 3702 Anthol.
1297 3653 1381 3704 Latin.
1400 3655 1431 3704 T.
1449 3655 1471 3705 I.
1488 3671 1510 3719 p.

372 3730 417 3776 nin
433 3731 500 3778 crido.
528 3730 584 3791 Quo
601 3731 747 3780 modohaee
758 3733 920 3794 accipiemus?
962 3731 1018 3778 305.
1043 3737 1069 3779 et
1093 3731 1179 3780 multia
1203 3733 1347 3783 illustravit.
1389 3735 1510 3795 Laborat,

372 3808 465 3856 ciconia
481 3815 536 3857 tuta
552 3816 606 3857 erat
631 3812 659 3857 in
686 3816 741 3858 tuto
765 3813 836 3868 nido,
864 3828 920 3862 cum
960 3818 1034 3873 puto,
1052 3813 1154 3875 menda,
1173 3811 1510 3874 quaefecitutoratiomale

372 3893 429 3935 tuto
444 3889 517 3949 nido,
539 3902 571 3935 au
592 3889 687 3937 ciconia
707 3896 763 3937 croi
785 3892 843 3940 nicio
865 3899 920 3942 tuto
960 3890 1101 3949 cohaereat,
1127 3893 1193 3955 qnod
1218 3892 1313 3940 auctori
1339 3899 1391 3940 tam
1419 3894 1510 3944 Latino

370 3979 415 4028 pro
432 3966 539 4016 babebat
555 3974 638 4016 tutum
657 3967 758 4017 nidum?
792 3969 861 4018 Nihil
878 3986 917 4020 sa·
960 3971 1061 4018 minime
1072 3971 1207 4020 tribuerim.
1243 3970 1364 4020 Pithoeus
1381 3973 1511 4038 deditipcc

370 4044 402 4092 tia
428 4045 518 4094 Latine
545 4046 638 4094 dictum
667 4046 736 4097 foret.
770 4048 917 4111 Legendum
959 4056 996 4099 eat
1005 4049 1208 4113 proSeholiastae
1217 4053 1256 4099 bic
1264 4057 1300 4100 eat
1313 4051 1434 4102 Heinsius
1442 4053 1508 4117 lege·

369 4138 467 4172 censeo:
487 4126 570 4174 Tutus
586 4132 642 4174 crat
659 4129 787 4185 riwrnbue,
811 4132 918 4194 totisque
959 4130 1001 4178 bat
1017 4132 1108 4193 quippe
1124 4137 1162 4179 est
1179 4129 1218 4179 vel
1237 4133 1338 4193 ipsein,
1356 4135 1507 4195 antipaeet.

369 4206 465 4254 ciconia
482 4206 557 4253 nidis.
591 4205 722 4255 Rhombus
739 4215 793 4257 erat
809 4215 878 4258 tutus
890 4211 916 4258 in
958 4211 1057 4260 Verum
1074 4210 1165 4260 iudico:
1184 4213 1247 4260 Etsi
1262 4214 1358 4262 duobus
1372 4215 1509 4276 clepuntior

369 4283 530 4345 aequoribuS,
555 4280 650 4333 ciconia
669 4286 696 4333 in
718 4288 831 4335 omnibus
852 4290 916 4338 nidis
959 4295 1075 4342 Plancis.
1110 4291 1196 4353 Quum
1218 4294 1267 4341 etsi
1287 4292 1364 4341 semel
1386 4299 1443 4342 erat
1457 4307 1509 4344 eor·

368 4363 433 4423 suis,
450 4363 542 4427 ubique
559 4365 585 4413 in
606 4365 678 4415 nidis.
713 4367 805 4430 Virgil.
828 4369 915 4434 Eclog.
958 4378 1061 4434 ruptum
1077 4371 1104 4419 in
1121 4377 1170 4432 est,
1194 4372 1278 4420 deerat
1300 4371 1411 4435 syllaba,
1432 4387 1507 4436 quam

370 4442 436 4491 I.ll.
455 4445 564 4507 undique
581 4448 643 4494 totis
659 4451 812 4510 usqueadeo
829 4453 915 4500 turba·
957 4450 998 4499 alii
1015 4451 1163 4513 supplerunt
1178 4464 1222 4515 per
1239 4453 1305 4513 ipae,
1328 4451 1371 4500 alii
1392 4466 1437 4516 per
1459 4456 1507 4503 bic.

368 4527 412 4569 tur
429 4525 506 4585 apris.
540 4524 672 4575 claudian.
690 4526 724 4576 II.
744 4527 840 4578 Stilich.
860 4531 915 4582 187,
956 4530 1072 4579 Acumen
1090 4530 1167 4578 estin
1186 4530 1303 4578 antithesi
1321 4533 1416 4580 deabus
1432 4539 1457 4582 et
1472 4548 1506 4582 se·

366 4605 548 4653 nouacuIminn
561 4608 622 4655 tatia
635 4609 839 4671 Aedificetripia
865 4611 913 4660 Ubi
955 4616 1109 4672 piem,quae
1121 4611 1230 4674 postulat
1242 4613 1296 4668 etsi,
1308 4611 1429 4674 quamvis,
1441 4612 1505 4662 licat.

367 4696 388 4728 v.
406 4682 493 4732 Burm.
511 4684 585 4734 Talia
602 4693 660 4734 sunt
678 4693 732 4736 iota
744 4690 836 4747 Itniin,
852 4691 913 4738 Gai·
990 4691 1019 4737 Si
1037 4695 1061 4738 te
1077 4693 1126 4740 aiio
1141 4707 1249 4754 prauum
1267 4693 1407 4741 detorseris.
1442 4692 1506 4743 Con·
