3750 5759
779 740 963 804 LIBER
1008 740 1032 804 Ι.

378 927 520 994 Nomine
544 927 717 1014 deceptus,
741 949 862 1013 poenas
891 927 982 992 dedit
1009 948 1127 1013 usque,
1157 949 1316 1013 superque

377 1031 483 1111 Quam
506 1031 673 1115 saisost,
696 1030 818 1116 pugnis
843 1052 956 1096 caesus
981 1029 1128 1114 ferroque
1151 1029 1293 1114 petitus,

376 1134 540 1201 Exclusus
559 1135 647 1224 fore,
669 1157 771 1221 quum
790 1135 1002 1220 Longarenus
1024 1133 1108 1199 foret
1127 1133 1227 1198 intus.

376 1237 464 1303 Huic
491 1238 521 1304 si
540 1238 686 1304 mutonis
714 1238 820 1304 verbis
844 1239 933 1303 mala
960 1243 1054 1303 tanta
1073 1236 1216 1302 videntis

377 1341 508 1407 Diceret
531 1342 609 1408 haec
633 1342 781 1408 animus:
805 1341 988 1425 „Quidvis
1012 1341 1095 1406 tibi?
1118 1338 1289 1425 Numquid
1310 1360 1371 1424 ego
1389 1361 1409 1403 a
1430 1343 1462 1402 te

376 1446 499 1531 Magno
515 1450 716 1532 prognatum
738 1446 877 1532 deposco
901 1446 1035 1511 consule
1055 1467 1220 1527 cunnum,
1236 1473 1241 1478 ·

376 1549 595 1636 Velatumque
614 1549 720 1634 stola,
745 1572 818 1615 mea
839 1572 942 1635 quum
965 1549 1149 1615 conferbuit
1170 1548 1262 1612 ira?“

377 1653 464 1733 Quid
486 1654 715 1739 responderet?
762 1654 909 1739 „Magno
926 1660 1019 1739 patre
1039 1658 1117 1718 nata
1139 1651 1250 1737 puella
1270 1653 1354 1716 est.“

376 1757 424 1822 At
444 1763 566 1844 quanto
588 1758 724 1823 meliora
746 1763 860 1823 monet
881 1757 1131 1843 pugnantiaque
1155 1756 1229 1822 istis

378 1861 478 1927 Dives
500 1861 572 1948 opis
597 1866 715 1927 natura
738 1884 831 1946 suae,
857 1867 894 1927 tu
918 1861 947 1927 si
965 1862 1061 1926 modo
1082 1864 1168 1926 recte

379 1965 577 2050 Dispensare
597 1965 698 2049 velis,
722 1987 759 2030 ac
780 1988 846 2031 non
867 1965 1025 2051 fugienda
1048 1963 1199 2050 petendis

378 2069 575 2135 Immiscere.
623 2069 691 2134 Tuo
711 2069 793 2134 vitio
812 2092 963 2135 rerumne
984 2069 1127 2151 labores,

378 2173 435 2237 Nil
459 2172 575 2238 referre
597 2176 716 2259 putas?
764 2173 888 2259 Quare,
907 2197 949 2240 ne
967 2172 1135 2260 poeniteat
1155 2177 1203 2255 te,

380 2277 503 2343 Desine
522 2283 688 2344 matronas
710 2279 881 2363 sectarier,
900 2279 988 2345 unde
1008 2277 1129 2343 laboris

380 2383 461 2447 Plus
482 2382 611 2448 haurire
630 2383 710 2447 mali
733 2389 784 2448 est
806 2405 906 2470 quam
929 2405 1024 2448 exre
1046 2382 1215 2466 decerpere
1232 2380 1367 2445 fructus.

380 2486 449 2551 Nec
469 2484 576 2572 magis
600 2486 695 2570 huic,
720 2487 806 2552 inter
828 2487 942 2552 niveos
961 2486 1146 2570 viridesque
1168 2483 1300 2569 lapillos

381 2590 434 2657 Sit
453 2589 531 2656 licet
551 2590 624 2674 hoc,
648 2591 821 2675 Cerinthe,
843 2598 950 2674 tuum,
976 2594 1125 2655 tenerum
1141 2593 1192 2653 est
1207 2587 1314 2653 femur
1328 2592 1386 2652 aut
1404 2610 1475 2653 crus

334 2777 407 2828 lustr.
430 2777 568 2828 Grammet.
588 2779 626 2829 16.
648 2794 726 2842 quum
735 2779 824 2843 filium
838 2795 885 2843 pe·
927 2779 1127 2830 commentator:
1149 2777 1227 2837 „Plus
1249 2776 1315 2826 enim
1335 2775 1393 2822 muli
1411 2788 1476 2822 accc·

337 2859 419 2916 troni,
435 2864 544 2920 nuptam
561 2860 654 2908 Murco
675 2857 818 2922 Aprippue,
846 2861 886 2908 de·
927 2861 975 2923 pit,
993 2859 1036 2923 qui
1053 2865 1120 2907 emat
1138 2857 1256 2913 nobilem,
1277 2855 1300 2904 si
1317 2855 1391 2902 fuerit
1407 2853 1433 2901 in
1450 2867 1477 2901 re

336 2942 416 2999 cerei,
432 2943 561 3000 suspectus
576 2939 604 2986 in
624 2953 667 2994 ea,
688 2943 713 2986 et
734 2941 764 2986 ob
785 2940 829 2987 hec
850 2954 887 2988 re
927 2940 1107 3003 deprehensus,
1124 2953 1199 3002 quam
1216 2937 1310 2985 fructus
1328 2941 1352 2983 et
1366 2933 1475 2982 iucundi

336 3022 429 3076 motus,
451 3019 487 3066 ud
508 3017 586 3066 Corn.
610 3017 716 3065 Gallum
732 3031 758 3065 ee
772 3020 888 3068 contulit.
927 3021 1151 3070 tatisexemore.“
1173 3019 1207 3066 Et
1224 3018 1284 3065 haec
1300 3015 1477 3064 estsententie

336 3095 434 3146 Mirum
451 3095 596 3160 interpretes
608 3094 693 3142 Plauti
704 3095 742 3144 M.
755 3095 824 3146 Glor.
837 3096 887 3146 III.
928 3101 999 3149 Meli
1015 3100 1116 3148 omnino
1131 3097 1275 3148 sufficiebat.
1309 3094 1362 3144 Cur
1378 3096 1477 3143 addere-

337 3190 357 3225 1.
377 3178 415 3228 17.
431 3175 575 3225 sollicitasse
591 3175 664 3233 elios,
682 3175 806 3225 aliusnon
818 3177 888 3226 intel-
927 3187 969 3229 tur
981 3182 1090 3229 laborm
1111 3179 1258 3242 Legendum
1272 3175 1375 3226 scilicet:
1406 3177 1478 3224 Unde

337 3255 442 3305 lesisse:
461 3257 548 3305 Facile
563 3261 601 3304 eet
617 3257 753 3318 imperium
769 3258 797 3304 ire
813 3259 890 3306 bunia
928 3262 1010 3310 labori
1038 3262 1107 3309 Plus
1127 3261 1233 3308 haurire
1248 3259 1312 3305 rerale’
1328 3262 1379 3314 eet,
1401 3271 1477 3319 quam

338 3333 490 3385 Doderlinus
507 3349 605 3399 quoque
616 3335 782 3384 coniecturam
794 3336 889 3385 Meiuc·
928 3355 959 3389 ex
976 3355 1004 3386 re
1021 3340 1151 3399 decerpere
1161 3337 1276 3399 fructur.
1310 3335 1384 3384 Unde
1400 3341 1428 3382 tu
1443 3333 1477 3381 la-

338 3415 376 3464 kii
391 3415 489 3472 laudat,
505 3421 671 3478 cepreeterea
681 3414 755 3478 legit:
773 3417 832 3465 Hoc
843 3417 889 3464 mi·
928 3417 983 3465 bori
1003 3423 1047 3465 tuo
1068 3417 1123 3480 plus
1140 3415 1201 3464 mali
1218 3415 1317 3472 hauris,
1337 3428 1411 3477 quam
1428 3413 1478 3461 fru-

339 3509 381 3544 eer
397 3510 459 3552 uno,
477 3496 597 3552 Nomine,
613 3496 737 3556 deeeptus.
771 3497 890 3545 Hccuuo
929 3503 982 3544 ctus
994 3509 1072 3544 exre.
1112 3497 1196 3548 Unde.
1214 3509 1246 3543 ex
1261 3494 1478 3542 sectandometro-

339 3573 504 3633 substantive,
516 3575 615 3622 romine
626 3575 890 3638 appositive3hacuna
929 3590 982 3623 nas.
1016 3574 1067 3623 Iste
1087 3573 1170 3630 labor,
1195 3574 1217 3622 si
1238 3573 1358 3629 succedit,
1381 3572 1410 3620 fit
1425 3586 1478 3627 res,

339 3667 381 3714 re,
397 3652 490 3702 scilicet
505 3654 605 3701 nornine
620 3655 743 3717 deceptus.
772 3655 856 3705 Recte.
930 3655 952 3703 si
974 3669 1024 3702 non
1049 3654 1168 3712 succedit,
1193 3654 1222 3702 fit
1246 3652 1347 3702 malum.
1381 3651 1478 3701 Malum

374 3735 504 3784 Eeclueue
521 3732 595 3794 fore,
623 3750 699 3796 quum
729 3735 892 3798 Lcnparenue
930 3742 1014 3784 autem
1031 3748 1128 3798 semper
1139 3734 1218 3782 maius
1230 3741 1366 3797 est‚quam
1376 3732 1478 3784 fructus.

337 3814 409 3876 seret
425 3815 503 3861 intur.
528 3814 595 3862 Nota
611 3813 764 3863 Graecorum
776 3814 891 3873 formula,
931 3812 1080 3863 conferatur
1090 3812 1152 3861 illud
1160 3813 1269 3862 Phaedri
1278 3812 1376 3863 Iule.
1400 3813 1479 3871 Quem

341 3893 409 3941 unde
424 3892 551 3942 Lucienus
567 3892 668 3957 Dialog.
685 3895 750 3944 Mer.
767 3895 791 3942 8.
804 3894 889 3954 ἐπειδὴ
925 3894 1047 3958 fluctum
1064 3896 1135 3957 cupis
1162 3896 1208 3942 Ee
1225 3896 1269 3942 hec
1286 3893 1389 3942 labere?
1415 3893 1479 3940 Nul-

341 3972 368 4022 δὲ
384 3972 495 4020 ἐλθόντα
512 3974 574 4021 ποτὲ
585 3972 730 4036 ἀπέκλεισα,
743 3972 893 4033 Καλλιάδης
932 3976 997 4031 lune,
1022 3975 1106 4035 lnquit
1128 3974 1178 4021 ille.
1217 3973 1289 4021 Idem
1310 3972 1357 4020 hoe
1376 3971 1425 4019 dici
1445 3971 1481 4018 sie

342 4053 394 4116 γὰρ
411 4050 425 4099 ὁ
442 4052 552 4116 γραφεὺς
569 4051 643 4101 ἔνδον
658 4054 700 4113 ἦν.
931 4057 1039 4115 poterat:
1063 4066 1135 4114 quem
1146 4051 1267 4115 fructum
1285 4053 1356 4112 cupis
1370 4052 1427 4098 huic
1443 4053 1480 4098 lu·

275 4172 279 4178 .
376 4129 690 4180 Hur'csimutonieverbir
715 4135 820 4181 Diceret
833 4135 893 4182 haec
933 4133 998 4188 tori,
1025 4130 1099 4194 idque
1123 4131 1203 4193 magis
1230 4128 1380 4192 exquisitum
1406 4143 1480 4192 quarn

343 4211 452 4259 animur.
485 4209 587 4260 Comica
603 4211 688 4260 oratio.
722 4212 764 4260 Ex
786 4210 893 4261 Comicis
933 4214 1010 4261 huius
1030 4213 1131 4260 luteris.
1164 4210 1273 4273 Elegans
1295 4215 1332 4257 est
1354 4209 1400 4257 iste
1421 4223 1480 4257 usus

343 4288 471 4340 Lucienus
487 4289 603 4339 Pseudol.
620 4292 660 4340 26.
678 4294 744 4357 πρὸς
760 4293 842 4354 θεῶν,
860 4292 893 4351 ἢν
933 4291 1024 4349 dativi,
1050 4304 1122 4352 saepe
1143 4305 1158 4337 a
1179 4288 1298 4346 librariis,
1323 4301 1373 4335 non
1392 4287 1481 4336 intelli·

344 4367 407 4434 λέγῃ
440 4371 523 4420 ταῦτα
544 4369 561 4429 ἡ
588 4370 705 4434 γλῶττα,
732 4369 799 4419 ἰδίαν
827 4371 895 4436 αὐτῇ
934 4370 1062 4433 gentibus,
1084 4369 1110 4417 in
1126 4369 1264 4432 genitivum
1282 4367 1377 4416 mutati.
1407 4365 1481 4416 Ovid.

346 4447 434 4512 φωνὴν
450 4447 584 4511 λαβοῦσα,
602 4450 644 4498 καὶ
656 4450 701 4499 τὸν
712 4449 822 4514 reci-(ova
830 4468 892 4500 συν·
934 4450 1038 4499 Metam.
1059 4449 1123 4499 VII.
1143 4448 1199 4497 812.
1235 4450 1335 4495 Auram
1357 4452 1482 4508 respectu·

345 4526 440 4591 ἡγορον
459 4527 658 4593 ἐπικαλεσαμένη
665 4564 672 4590 ,
696 4529 720 4578 τί
736 4529 770 4578 ἂν
786 4529 894 4594 droepr'-
934 4533 1005 4579 bam:
1023 4531 1120 4591 requies
1135 4533 1192 4577 erut
1208 4527 1355 4577 illulabore'.
1383 4525 1482 4576 Ouden-

347 4623 406 4655 ναιο
422 4606 489 4672 αὐτῇ
499 4624 508 4667 ;
935 4609 1035 4671 dorpius
1052 4609 1082 4655 ad
1100 4606 1199 4657 Caesar.
1216 4608 1247 4656 Β,
1260 4605 1292 4657 G.
1310 4607 1344 4656 V.
1357 4605 1397 4654 48.
1415 4620 1483 4669 egro·

389 4687 463 4736 Unde
487 4689 579 4738 latmia
613 4690 680 4739 Plus
705 4690 810 4739 haume
833 4691 896 4738 mali
937 4689 977 4754 gie
993 4687 1135 4736 illustravit.

256 4769 260 4777 “
349 4770 398 4825 ert,
423 4781 500 4828 quam
524 4783 555 4817 er
579 4783 607 4817 re
632 4771 762 4832 decerpere
780 4769 895 4831 fructur.
972 4771 1014 4818 su
1031 4771 1090 4819 licet
1108 4770 1162 4826 tec,
1184 4765 1315 4828 Cereatae,
1328 4770 1407 4814 terame
1436 4766 1485 4813 Hic
