3750 5759
762 695 787 760 l.
834 714 960 761 sarias
983 714 1098 760 1v-V.

801 949 833 991 Ι.
870 938 1004 988 SATIRA
1023 939 1070 987 IV.

418 1120 448 1169 P.
466 1122 505 1170 40.
542 1124 578 1171 Di
603 1125 661 1171 bene
679 1123 800 1184 fecerunt
825 1124 907 1185 inopis
932 1139 971 1171 me
991 1123 1101 1185 quodque
1119 1123 1212 1184 pusitii
1246 1121 1392 1170 Finxerunt
1408 1123 1501 1180 ertimi,

368 1217 430 1248 aare
446 1208 471 1250 et
485 1218 614 1264 perpauca
631 1204 762 1265 loquentis.
794 1202 880 1252 Iudice
896 1201 1023 1260 Bentleio,
1039 1203 1162 1263 loquentis
1179 1207 1216 1249 est
1232 1201 1322 1249 durum
1339 1207 1364 1249 et
1379 1209 1499 1258 eoaetum,

368 1279 430 1327 eitra
446 1280 523 1330 ullam
539 1282 715 1331 nenessitatem.
749 1282 867 1346 Sequitur
881 1296 943 1344 ergo
958 1281 1121 1340 Lambinum,
1138 1280 1180 1344 qui
1197 1281 1337 1330 emendavit
1353 1281 1498 1344 loquentem.

369 1358 480 1410 Conieci:
499 1364 645 1411 finxerunt
661 1365 757 1422 enimi,
778 1378 821 1412 are
836 1370 861 1412 et
875 1378 960 1425 parua
975 1368 1001 1411 ιι
1024 1375 1107 1424 pauca
1124 1362 1256 1424 loquentia.
1284 1361 1403 1412 Horatius
1419 1362 1499 1427 loqui·

369 1445 410 1486 tur
422 1439 457 1507 de
473 1440 631 1491 carminibus.
664 1441 794 1505 Crispinus
816 1455 874 1491 eum
895 1445 1074 1504 provocaverat
1089 1440 1121 1488 ad
1138 1453 1275 1498 certamen,
1297 1448 1352 1490 uter
1368 1441 1424 1504 plus
1441 1444 1499 1491 seri-

369 1516 427 1566 bere
444 1528 532 1582 posset.
566 1520 634 1571 Cedo
651 1523 708 1580 tibi,
725 1522 813 1585 inquit.
845 1522 935 1585 Neque
952 1523 1055 1569 enitatur
1071 1534 1151 1584 neque
1167 1535 1192 1568 os
1208 1521 1269 1568 mihi
1286 1520 1419 1571 sufficiunt.
1437 1525 1499 1572 Ani·

311 1649 314 1656 ,
369 1613 425 1645 raras
447 1608 472 1647 et
496 1616 523 1648 os
547 1602 573 1653 in
596 1602 683 1651 retuli
708 1603 900 1664 coniunguntur.
934 1599 1057 1649 Horatius
1079 1614 1115 1649 vs.
1133 1600 1172 1648 43.
1198 1600 1333 1663 Inpendam
1349 1602 1390 1651 eui
1406 1603 1442 1650 sit
1458 1605 1500 1651 aui

370 1694 438 1726 inens
454 1683 562 1731 divinior
578 1689 655 1746 atque
670 1698 696 1732 aa
712 1683 812 1746 Mamm
827 1688 988 1738 sanaturum,
1005 1684 1048 1730 des
1064 1683 1172 1730 nominis
1186 1681 1261 1729 buius
1277 1681 1399 1730 honorem.
1424 1681 1499 1731 Hune

369 1758 477 1819 appelles
493 1762 599 1822 poetam.
631 1763 682 1811 Hie
698 1760 815 1826 (triepino
832 1763 892 1811 dicit
908 1761 956 1810 sibi
972 1761 1083 1809 animum
1100 1760 1216 1823 obtigisse
1233 1759 1352 1823 pusillum
1369 1767 1395 1809 et
1405 1775 1433 1809 os
1444 1775 1498 1824 per-

369 1850 448 1897 panoa
467 1838 582 1902 loquens,
598 1841 665 1890 idem
681 1841 744 1900 iere,
760 1855 789 1890 ae
809 1842 830 1891 si
846 1840 961 1896 dixisset,
982 1855 1032 1889 non
1047 1855 1104 1888 suar
1118 1840 1207 1901 pa‘e'ta,
1229 1846 1254 1888 et
1275 1839 1296 1888 si
1320 1853 1406 1889 versus
1423 1841 1497 1890 iuter-

369 1916 429 1963 dum
446 1917 520 1977 facio,
537 1920 600 1970 facio
616 1935 662 1970 nee
677 1921 794 1970 sublimes
811 1935 856 1970 neo
872 1920 970 1969 multos.
988 1919 1134 1983 Propertius
1151 1919 1188 1968 11.
1206 1932 1266 1968 vm.
1286 1920 1325 1969 ld.
1348 1921 1429 1982 Surpe
1444 1922 1498 1969 ani·

370 2013 411 2045 ram
436 2014 466 2045 er
492 2003 591 2058 burrelli,
619 2004 671 2049 urna
687 2000 803 2052 caraune
818 1989 912 2050 sumite
927 2003 1006 2060 uires,
1030 2001 1161 2056 Pierides,
1183 2001 1269 2062 muprti
1284 2013 1352 2047 nune
1372 2001 1424 2047 erit
1447 2001 1499 2048 aris

369 2091 437 2137 opus.
470 2080 557 2130 Horat.
574 2081 654 2144 Epist.
671 2082 702 2129 ad
719 2080 824 2130 Pisones
840 2079 897 2130 323.
927 2080 1018 2129 Graiis
1035 2081 1176 2143 inparium,
1200 2080 1290 2128 Graiis
1310 2079 1380 2127 dedit
1399 2093 1442 2127 ore
1461 2094 1500 2127 ru·

370 2162 449 2207 tundo
481 2161 653 2224 Musalaqui.
686 2160 817 2211 Claudiam
833 2160 883 2210 VI.
899 2158 1001 2210 consul
1018 2159 1114 2208 Honor.
1129 2158 1186 2206 492
1203 2155 1501 2221 qunntatuisfaeundin

368 2240 446 2297 pollet
471 2241 598 2301 Iupania,
621 2245 735 2288 nastrum
761 2242 834 2304 dipem
855 2244 926 2288 sanet
946 2254 988 2288 are
1009 2243 1148 2302 parentem.
1180 2237 1216 2286 Di
1231 2251 1285 2296 me,
1307 2236 1356 2296 ait,
1371 2236 1499 2287 finxerunt

370 2314 447 2363 animi
468 2332 518 2366 non
536 2319 634 2382 magni,
652 2326 676 2368 et
692 2319 766 2367 huius
782 2319 844 2367 mihi
860 2319 897 2368 rei
913 2318 1039 2376 eonseius,
1060 2332 1139 2381 parva
1154 2323 1253 2366 tantum
1270 2323 1295 2366 et
1310 2331 1388 2380 panea
1403 2316 1500 2381 loquor.

370 2393 439 2454 Quid
454 2397 486 2444 sit
500 2413 609 2459 paruum
630 2399 682 2461 ipse
702 2400 808 2449 ostendit
829 2397 1067 2449 cummim.
1087 2398 1125 2449 17.
1150 2397 1199 2444 Nil
1218 2412 1327 2459 paruum
1347 2402 1394 2446 aut
1410 2399 1501 2446 buntili

371 2478 451 2534 teredo,
486 2479 533 2528 Nil
549 2481 654 2528 nmrtnle
671 2480 759 2542 laquear
775 2486 799 2528 et
815 2478 864 2528 IV.
881 2493 910 2526 11.
926 2479 966 2526 31.
990 2492 1092 2539 operata
1107 2491 1203 2540 pareus
1223 2475 1347 2525 Carmina
1355 2477 1434 2539 finpo.

421 2555 452 2603 P.
468 2557 508 2606 aa.
543 2561 628 2607 Detur
644 2561 713 2608 nota
730 2561 805 2608 uma.
838 2558 922 2621 Nepos
939 2546 1059 2619 Pelopida
1074 2555 1111 2604 11.
1129 2559 1240 2604 nomam
1261 2555 1386 2606 cmi-ana
1402 2558 1501 2606 mame·

371 2642 445 2696 runt,
463 2654 478 2685 a
495 2654 542 2702 qua
558 2644 583 2687 et
600 2644 698 2702 tempus
714 2644 739 2688 et
755 2640 808 2687 dies
824 2643 881 2687 erat
898 2639 984 2685 datius.

421 2718 451 2766 P.
467 2720 507 2768 41.
544 2720 619 2777 Quas
633 2724 706 2778 sunt,
732 2733 793 2781 quos
809 2732 885 2780 penus
902 2719 946 2767 hoa
963 2717 1064 2765 minime
1079 2717 1165 2776 iuuat,
1189 2719 1276 2778 utpote
1290 2717 1378 2778 plures
1394 2714 1502 2778 culpari

371 2800 465 2859 dipnaa.
498 2798 639 2848 Meinekius
661 2813 711 2848 non
737 2812 798 2846 sana
813 2797 911 2846 iudioat.
945 2794 1081 2845 Horlrelius
1098 2793 1207 2844 coniicit:
1230 2800 1318 2857 utpote
1341 2796 1417 2844 iures.
1450 2795 1502 2844 Do-

371 2879 483 2926 derlinns
499 2894 531 2927 ex
554 2879 641 2927 audaci
657 2877 819 2942 brachylogia
843 2877 1034 2940 interpretatur:
1057 2875 1123 2938 quod
1139 2881 1214 2934 sunt,
1239 2887 1300 2938 quos
1321 2888 1399 2937 genus
1416 2874 1503 2925 Satiri-

369 2973 429 3005 oum
453 2958 555 3007 minime
572 2958 653 3019 iuvat,
678 2964 762 3022 utpote
785 2958 869 3021 plures
884 2955 1000 3018 culpans,
1024 2970 1101 3020 quam
1124 2956 1168 3019 qui
1193 2954 1341 3004 nominatim
1363 2954 1503 3019 culpantur,

371 3053 460 3102 nempe
484 3053 568 3087 omnes
584 3038 680 3102 culpari
695 3038 792 3102 dignos.
821 3037 888 3087 Mihi
905 3035 999 3086 faeilius
1015 3037 1127 3086 videtur:
1155 3037 1231 3095 Quod
1245 3041 1319 3094 sunt,
1344 3049 1405 3098 quas
1428 3051 1504 3098 penus

372 3123 417 3168 bae
433 3121 534 3168 minime
550 3123 638 3178 iuret,
660 3125 707 3178 ut,
719 3125 798 3182 puto,
818 3120 917 3181 plures,
943 3117 1054 3181 Culpari
1069 3119 1164 3180 dipnas.
1197 3115 1276 3174 Sunt,
1292 3115 1336 3180 qui
1352 3130 1403 3164 non
1419 3125 1504 3164 amant

371 3199 419 3246 hoe
435 3214 514 3262 genus
530 3201 631 3262 poesios.
664 3199 715 3250 Sed
731 3200 771 3258 hi,
787 3205 859 3262 puto,
875 3205 935 3247 sunt
946 3212 1005 3246 suae
1022 3197 1069 3246 sibi
1085 3196 1172 3260 eulpae
1187 3197 1289 3256 oonseii,
1311 3196 1397 3261 quales
1412 3197 1504 3261 ubique

371 3279 483 3327 invenias
499 3279 590 3342 plures.
623 3279 716 3342 Arripe
732 3278 772 3327 vel
788 3293 821 3327 ex
837 3278 918 3326 media
933 3277 1008 3326 turba
1023 3291 1098 3340 quem
1118 3277 1165 3326 vis.
1197 3277 1280 3326 Nemo
1295 3276 1361 3326 vitiis
1378 3283 1458 3326 vacat.

420 3357 452 3406 P.
469 3359 509 3408 42.
542 3359 599 3422 Ego
625 3365 737 3421 nepotem
761 3358 797 3406 sie
817 3371 875 3404 eum
896 3362 966 3420 patre
986 3362 1011 3405 et
1027 3354 1080 3404 filio
1095 3369 1145 3405 non
1162 3355 1352 3405 ooninnxissem.
1387 3355 1451 3406 Alia
1466 3364 1503 3406 est

371 3453 460 3488 caussa
476 3439 501 3486 in
518 3439 554 3488 Π,
573 3438 646 3489 Satir.
664 3438 685 3487 Ι.
703 3438 743 3486 53.
762 3439 870 3486 Scaeuae
885 3438 995 3485 aientem
1013 3438 1084 3484 erede
1099 3437 1184 3497 nepoti
1210 3437 1332 3484 Matrem.

421 3517 453 3565 P.
471 3516 511 3565 42.
546 3519 632 3566 Filius
653 3519 707 3581 ipss
722 3522 761 3565 est
777 3516 890 3564 dedecus.
923 3515 998 3565 Adde
1014 3515 1109 3564 Lucan.
1126 3513 1162 3564 X.
1176 3513 1217 3562 119.
1250 3511 1384 3577 Cleopatra
1399 3517 1503 3566 metecus

374 3599 492 3660 Aepppti.

422 3675 453 3726 P.
470 3677 510 3726 44.
545 3677 700 3740 Adeperpere
716 3680 821 3725 cunetas.
847 3675 967 3737 Aliquem
984 3689 1051 3737 apua
1068 3675 1181 3736 sparpit,
1198 3673 1242 3736 qui
1258 3678 1362 3723 recreat.
1379 3674 1504 3738 Exempla

372 3756 494 3806 nonnulla
509 3764 568 3805 sunt
584 3758 650 3820 apud
666 3756 753 3805 Heius.
770 3757 801 3804 ad
818 3755 903 3806 Ovidii
920 3749 1082 3804 ArtAmat.
1098 3753 1150 3804 Ili.
1167 3751 1223 3806 726.

422 3839 452 3887 P.
470 3839 510 3890 47.
561 3837 654 3886 Melius
670 3838 869 3886 aaussnareddet
885 3837 939 3884 tibi.
973 3835 1053 3884 Acro:
1072 3833 1253 3896 „Philosophus
1270 3840 1295 3881 te
1311 3832 1398 3882 dooere
1414 3833 1505 3898 poterit

371 3920 477 3975 melius,
494 3932 557 3981 qnae
573 3926 631 3967 sunt
647 3918 748 3967 vitanda
763 3917 816 3966 sive
832 3916 977 3980 appetenda.
1012 3916 1068 3979 Ego
1086 3920 1169 3963 autem
1186 3919 1211 3962 te
1227 3913 1312 3972 docui,
1322 3927 1386 3977 quae
1402 3920 1461 3962 sunt
1477 3914 1503 3962 in

374 4014 422 4048 usu
439 3999 596 4048 constituta“

817 4167 849 4209 1.
886 4156 1024 4208 SATIRA
1043 4155 1078 4204 V.

424 4310 454 4358 P.
471 4310 511 4358 49.
545 4310 602 4358 Hae
626 4311 677 4358 iter
704 4311 789 4372 ipnuvi
805 4310 946 4358 divisimus.
980 4307 1060 4357 Acro:
1088 4304 1129 4363 „id
1146 4310 1198 4364 est,
1224 4304 1256 4352 ab
1280 4302 1341 4352 urbe
1363 4303 1389 4352 in
1410 4304 1505 4354 Forum

375 4390 454 4453 Appii
470 4389 545 4438 biduo
560 4388 686 4447 venimus,
702 4403 752 4451 quo
768 4389 904 4452 argutiores
917 4401 967 4436 uno
984 4386 1022 4434 die
1038 4385 1134 4434 soleant
1150 4384 1258 4433 venire.“
1291 4384 1408 4433 Fortasse
1422 4384 1502 4448 legen·

375 4471 437 4518 dum
454 4471 574 4532 apiliares.

425 4550 456 4598 P.
473 4551 512 4599 49.
546 4548 636 4599 Minus
651 4553 687 4598 est
703 4551 787 4611 prauis
804 4549 891 4611 Appia
908 4548 998 4596 tardis.
1032 4545 1112 4594 Acro:
1130 4545 1245 4603 „Gratia
1260 4549 1297 4593 est
1313 4544 1421 4592 ntinua.“
1448 4543 1507 4595 col-

377 4630 464 4680 loeatio
480 4631 610 4680 verborum
627 4645 677 4680 non
695 4629 796 4678 aliunde
811 4629 923 4693 cognita,
941 4634 970 4677 ut
986 4632 1056 4691 putat
1073 4625 1195 4690 Panlyue.
1536 4620 1538 4625 '

428 4711 458 4759 P.
476 4700 515 4760 50.
551 4711 653 4760 Fundos
675 4709 778 4773 norfidio
796 4711 875 4758 Luem
888 4713 1007 4771 praetore
1027 4708 1132 4779 libenter
1156 4705 1312 4768 Linquimus.
1347 4702 1456 4768 Scaliger
1480 4705 1507 4753 in
