3750 5759
759 693 958 758 LIBER
1004 694 1029 758 I.

373 887 503 968 Altera,
528 884 576 950 nil
600 885 727 950 obstat:
753 884 829 951 Cois
854 885 914 951 tibi
937 907 1040 972 paene
1064 886 1172 952 videro
1196 898 1246 952 ost

374 989 423 1056 Ut
445 988 586 1072 nudum,
610 1009 652 1053 ne
675 1009 766 1053 crure
789 988 892 1071 malo,
917 1010 959 1053 ne
983 987 1028 1054 sit
1050 989 1132 1074 pede
1155 990 1261 1076 turpi:

375 1093 488 1160 Metiri
510 1092 618 1179 possis
643 1091 736 1158 oculo
759 1091 857 1158 latus.
883 1092 937 1156 An
962 1091 1024 1158 tibi
1046 1092 1152 1158 mavis

328 1285 392 1334 ratio
409 1285 431 1334 1.
448 1282 497 1334 Od.
516 1284 554 1332 12.
585 1284 640 1332 Hic
661 1287 687 1332 et
702 1283 818 1332 incenit-ie
834 1281 884 1331 Cu-

328 1367 398 1413 riaeu
414 1364 515 1426 capillis
531 1370 556 1410 et
575 1359 666 1411 Ovidio
679 1360 728 1411 VI.
746 1361 814 1410 Fast,
826 1360 884 1411 264.

329 1445 432 1493 luterni
455 1444 525 1505 recia
546 1438 644 1504 muqna‘
665 1441 790 1488 Nunrue.“
823 1437 885 1499 Quis

329 1539 380 1574 non
397 1519 626 1572 verosimillimum
642 1525 721 1583 putet,
736 1531 827 1567 nomen
840 1517 883 1566 Ci·

332 1603 439 1666 efflauit
455 1599 546 1650 Servio
563 1598 638 1648 fuisse
655 1598 827 1662 incognitum?

364 1680 497 1731 Invenitur
513 1679 540 1727 in
557 1677 660 1728 Glossis.
685 1679 723 1727 At
740 1676 885 1727 Glossarum

331 1768 443 1810 auctores
458 1759 599 1828 habuerunt
612 1772 645 1806 ex
655 1757 759 1808 Horatio
772 1757 822 1806 iam
833 1771 885 1805 cor-

331 1849 411 1906 rupto.
444 1838 486 1888 llli
503 1846 675 1902 autemsaepe
697 1836 816 1886 vocabula
834 1838 886 1886 Ho-

331 1921 428 1970 ratiana
444 1926 469 1968 et
485 1917 628 1980 Virgiliana
648 1917 886 1982 interpretabantur:

332 2002 459 2060 recordor,
475 2017 499 2049 r.
509 2012 529 2046 c.
545 1998 715 2048 Philoxenum
731 1997 887 2060 interpretari

332 2084 489 2145 Ennipater.
519 2080 623 2137 Ἐννιος
638 2077 732 2142 πατὴρ.
749 2084 822 2135 recte,
835 2091 886 2126 cre-

333 2162 377 2219 do,
409 2162 459 2210 iarn
489 2160 646 2210 emendatum
677 2157 780 2206 Ennius
802 2162 886 2218 poter.

332 2241 515 2290 Wouwerenus
532 2239 596 2288 adl.
613 2238 630 2287 l.
647 2235 759 2286 Petronii
772 2250 805 2284 ex
816 2234 887 2285 Glos-

333 2321 366 2369 sis
383 2321 467 2370 affert:
487 2321 590 2385 (linitio.
607 2315 760 2383 ἐμπλέκτηςι
778 2323 817 2372 et,
838 2319 886 2364 Γυ-

333 2398 428 2451 ναιὶιῶν
445 2399 587 2465 coeperim,
604 2405 669 2447 recte
684 2395 811 2457 corrigens
827 2395 887 2442 eini-

327 2479 375 2542 flo.
408 2479 533 2543 Exempla
558 2478 658 2542 quidem
681 2475 783 2524 Ioannis
814 2472 888 2524 Salis·

334 2559 451 2608 ber'iensis
469 2566 493 2608 et
513 2558 586 2608 Balbi
602 2558 629 2606 in
646 2554 775 2606 Catholioo
791 2552 888 2602 nullum

335 2646 489 2688 momentum
506 2639 604 2687 faciunt.
622 2636 687 2686 Sunt
703 2633 832 2696 scriptores
845 2632 889 2696 qui

335 2720 451 2769 vivebant
461 2719 507 2768 sub
515 2718 591 2767 finem
607 2715 698 2766 saeculi
706 2713 763 2762 XII
773 2720 797 2762 et
809 2711 888 2760 XIII·

335 2801 422 2864 Digna
437 2806 533 2857 tamen,
550 2811 613 2860 quae
634 2796 779 2845 reseruntur.
814 2791 888 2842 Sulis·

335 2879 453 2930 benensis
469 2879 496 2926 in
511 2878 580 2940 Nug.
606 2872 780 2927 cur.111.12.
798 2870 888 2932 „Quod

335 2958 484 3016 cubicularii,
501 2964 544 3005 aut
560 2955 697 3011 ciniflones,
719 2951 824 3012 nenive,
845 2959 889 2999 aut

335 3039 475 3104 quicunque
492 3035 655 3092 nebulonum,
666 3032 755 3097 quibus
770 3031 888 3081 delicatus

336 3118 429 3167 divitiis
446 3130 532 3165 sensns
548 3122 592 3163 aut
602 3114 671 3163 furor
683 3127 766 3161 carerc
783 3126 833 3160 non
846 3125 888 3174 po-

336 3202 408 3248 test.“
432 3197 526 3248 Balbus
537 3195 682 3246 Catholioo:
709 3191 830 3251 „Ciniflo,
846 3189 889 3253 qui

336 3278 503 3328 calamistrum
524 3274 646 3334 calefacit,
670 3273 761 3321 scilicet
782 3272 887 3330 serrum,

336 3373 385 3422 quo
401 3356 484 3420 capilli
499 3357 645 3420 crispantur.
678 3354 728 3402 Hic
743 3351 820 3416 vulgo
839 3355 887 3402 cri·

337 3438 405 3502 suffer
417 3437 530 3485 dicitur.“

370 3516 534 3568 Ciniflonibus
545 3515 629 3578 igitur,
639 3513 792 3572 custodibus,
803 3512 889 3561 lectica

337 3606 362 3647 et
387 3597 499 3661 parasitis
524 3595 617 3654 eiectis,
642 3600 720 3642 toturn
747 3593 829 3641 locum
853 3591 889 3639 sic

338 3678 537 3728 constituendum
554 3674 672 3723 arbitror:
702 3674 733 3722 si
749 3673 888 3721 interdicta

336 3763 419 3820 petes,
436 3758 503 3806 rollo
519 3755 679 3805 circumdata
701 3751 770 3812 (oum
788 3755 813 3799 te
830 3752 888 3801 Hoc

331 3839 403 3904 fucit
411 3834 540 3897 insanum)
549 3835 645 3882 multoe
653 3830 699 3880 tibi
714 3835 767 3879 tum
777 3830 889 3891 officient

315 3931 393 3973 oea,
420 3916 463 3964 Ad
487 3912 553 3962 talos
571 3918 628 3974 toya
645 3911 764 3967 waima,
789 3914 815 3956 et
839 3910 887 3957 cir-

338 3997 459 4045 cumdate
481 3994 556 4055 pulla
571 3991 710 4047 Plinium,
735 4004 800 4051 quoe
824 3990 888 4038 inci·

338 4077 416 4124 deant
439 4089 505 4137 pure
528 4085 652 4134 apparere
674 4071 722 4118 riti
742 4084 802 4118 rem.
839 4067 888 4131 Qui

339 4159 469 4202 matronas
485 4151 553 4215 petit,
566 4150 627 4214 petit
639 4150 705 4213 quod
716 4148 885 4207 interdictum,

339 4232 405 4297 quod
427 4231 532 4280 vetitum
554 4238 604 4288 est,
626 4236 650 4279 ct
671 4228 742 4293 quasi
759 4228 824 4278 vallo
841 4229 877 4278 cir

340 4313 483 4361 cumdatum
508 4317 532 4358 et
558 4309 683 4358 munitum
704 4308 736 4356 ab
756 4308 888 4368 adulteris,

340 4399 368 4440 ut
384 4391 479 4440 inclusa
503 4388 545 4436 illa
569 4388 658 4437 Danae
679 4389 706 4436 in
723 4389 787 4437 turri
803 4404 886 4439 acnea.

340 4474 427 4536 Atque
451 4474 498 4520 hoc
523 4469 604 4532 ipsum
629 4475 653 4518 tc
678 4468 734 4517 iacit
756 4470 887 4530 insanum,

341 4553 399 4617 quia
414 4551 543 4616 proprium
559 4557 596 4598 cst
612 4555 716 4597 naturae
726 4549 850 4598 humanae
860 4549 887 4596 in

342 4633 446 4681 vetitum
462 4630 509 4679 niti
526 4637 550 4679 et
567 4644 655 4694 cuporc
666 4635 770 4692 negata:
788 4629 831 4694 qui
841 4630 888 4692 igi·

342 4721 383 4762 tur
399 4719 525 4761 matronas
541 4711 610 4774 petit,
620 4711 679 4759 huic
694 4709 785 4759 multae
802 4724 841 4758 res
851 4709 885 4759 of·

925 1281 1020 1341 ficient,
1037 1282 1168 1346 quominus
1184 1284 1215 1333 de
1231 1283 1413 1347 pulchritudine
1433 1294 1468 1335 to·

924 1364 973 1412 tius
986 1363 1095 1426 corporis
1114 1362 1222 1412 iudicare
1238 1363 1322 1427 possit.
1348 1364 1418 1414 Nihil
1434 1366 1468 1414 vi-

926 1442 967 1490 det
983 1449 1081 1505 praeter
1097 1442 1190 1492 faciem.
1224 1443 1297 1506 Toga
1312 1445 1417 1494 demissa
1433 1454 1470 1494 est

925 1521 958 1568 ad
974 1521 1048 1582 talos,
1070 1529 1094 1572 et
1118 1522 1273 1572 omniafere
1294 1530 1352 1573 sunt
1368 1524 1470 1573 circum·

926 1600 999 1649 ducta
1024 1602 1100 1665 palla,
1126 1617 1189 1667 quac
1209 1610 1269 1666 toga
1285 1611 1309 1654 et
1325 1605 1391 1669 palla
1407 1606 1471 1654 iuvi·

926 1681 1001 1728 deant
1020 1696 1137 1746 apparere
1153 1697 1205 1732 rem
1226 1681 1253 1730 in
1273 1682 1339 1731 clara
1363 1684 1418 1734 lnce
1435 1685 1471 1733 vi·

927 1759 1040 1808 dcndam.
1074 1762 1105 1810 In
1120 1761 1209 1811 liberta
1225 1762 1309 1811 onmia
1325 1771 1417 1814 contra.

962 1842 1054 1890 Altera
1070 1842 1107 1890 nil
1123 1844 1222 1902 obstat,-
1247 1842 1306 1892 Cois
1327 1844 1373 1892 tibi
1392 1860 1473 1905 parrae

927 1920 1010 1968 ridere
1026 1925 1063 1968 eat
1093 1921 1130 1969 Ut
1146 1923 1253 1979 nudare,
1271 1937 1301 1970 ue
1317 1926 1473 1980 crurenrola

927 2014 958 2047 ne
971 2001 1074 2063 aitpede
1091 2004 1176 2064 turpi:
1195 2000 1289 2050 Metiri
1302 2001 1384 2064 possis
1404 2001 1473 2049 oculo

927 2079 1004 2128 lotus.
1037 2078 1091 2128 Alii
1108 2080 1179 2130 aliter
1195 2080 1358 2145 distinguunt,
1378 2084 1420 2137 ut,
1430 2080 1473 2127 Al·

930 2164 986 2207 tero
1002 2159 1041 2206 cil
1057 2161 1142 2208 obstat
1166 2160 1224 2210 Cois
1240 2161 1294 2210 tibi.
1327 2158 1392 2208 Mihi
1415 2157 1474 2207 Coie

928 2251 974 2300 pro
999 2239 1027 2285 in
1050 2237 1108 2287 Cois
1132 2252 1184 2287 non
1208 2238 1299 2302 placet,
1324 2252 1369 2287 nec
1392 2240 1475 2287 obstat

931 2315 991 2365 Cois
1011 2316 1070 2366 satis
1087 2317 1176 2367 Latine
1194 2318 1346 2382 significaret
1371 2323 1475 2381 propter

931 2395 997 2445 Coos
1007 2403 1099 2446 restes:
1109 2411 1155 2447 nec
1163 2398 1319 2463 perspicuum
1331 2404 1381 2457 ost,
1390 2403 1475 2444 utrum

929 2479 1013 2527 alteru
1029 2477 1061 2525 sit
1085 2477 1254 2528 nominativus
1279 2478 1418 2536 absolutus,
1443 2492 1476 2525 an

929 2556 1083 2620 iungendum
1101 2559 1186 2607 alteru
1201 2562 1285 2609 obstat
1291 2577 1301 2619 ,·
1317 2566 1371 2608 tum
1381 2558 1475 2622 quaeri·

929 2644 971 2685 tur
986 2636 1149 2685 dicendumne
1169 2640 1252 2687 obstat
1271 2655 1303 2687 ue
1319 2640 1365 2697 eit,
1387 2652 1420 2686 an
1439 2642 1475 2687 oi·

929 2718 989 2765 dere
1004 2723 1041 2765 eat
1058 2733 1089 2765 ne
1104 2718 1146 2765 sit.
1180 2717 1271 2766 Melior
1288 2718 1390 2767 fortasse
1411 2725 1475 2767 esset

930 2796 1022 2845 oratio:
1045 2798 1152 2845 Altera?
1167 2798 1205 2845 nil
1221 2798 1323 2846 obstant
1342 2798 1473 2858 Curetida]

929 2891 1008 2939 paene
1024 2876 1107 2924 videre
1122 2881 1161 2924 eat
1182 2877 1218 2924 Ut
1232 2879 1343 2936 nudam,
1360 2894 1391 2947 ne
1401 2893 1476 2928 crure

930 2957 1009 3017 mulo,
1025 2971 1055 3004 rte
1071 2956 1107 3003 ait
1122 2957 1184 3018 pede
1199 2957 1275 3018 turpi.
1310 2957 1402 3005 Metiri
1421 2973 1475 3022 pot-

928 3037 964 3082 ris
979 3036 1049 3084 ocule
1066 3037 1142 3084 zaraa.
1177 3034 1279 3094 Attea,
1291 3034 1475 3099 interrogative,

930 3113 1011 3176 magis
1027 3129 1060 3163 ex
1076 3114 1166 3178 ellipsi,
1183 3129 1258 3178 quam
1269 3116 1423 3167 nominativo
1435 3119 1476 3167 ab·

929 3193 1011 3243 soluto
1027 3194 1194 3257 intelligenda.
1223 3194 1289 3256 Quid
1306 3194 1397 3246 altera?
1413 3198 1475 3259 agit·

931 3287 974 3332 ne,
999 3281 1028 3322 ut
1053 3279 1182 3324 matrona?
1214 3277 1333 3325 eodemne
1351 3277 1425 3325 modo
1449 3291 1477 3324 so

930 3354 1083 3403 vestimentis
1107 3362 1197 3413 totam,
1223 3363 1326 3418 excepta
1348 3355 1422 3415 facie,
1439 3356 1476 3405 iu-

931 3433 1025 3482 rolvit?
1058 3434 1108 3484 Ubi
1131 3436 1180 3483 duo
1201 3434 1310 3482 subiecta
1333 3449 1475 3497 comparan-

930 3519 973 3561 tur
989 3519 1014 3562 et
1030 3513 1135 3562 alterum
1153 3514 1223 3562 altori
1234 3513 1373 3577 opponitur,
1384 3521 1476 3576 postre-

930 3607 1000 3641 mum
1016 3599 1082 3642 recte
1092 3608 1137 3656 per
1153 3592 1371 3656 interrogationem
1389 3592 1476 3655 ellipti-

930 3687 984 3721 cam
1009 3672 1117 3721 effertur.
1150 3673 1267 3722 Fortasse
1291 3673 1376 3721 eadem
1397 3673 1477 3722 forma

929 3753 1054 3802 reddenda
1070 3759 1106 3801 est
1123 3754 1225 3802 Lucano
1235 3753 1286 3802 III.
1303 3753 1408 3801 36-46.
1429 3753 1478 3804 Ille

930 3831 1085 3896 (Pompeius)
1111 3837 1192 3884 maior
1212 3835 1248 3899 r'n'⁴
1265 3849 1338 3882 erma
1362 3835 1427 3883 ruit.
1445 3861 1477 3870 ·-

932 3912 1027 3963 Caesar
1041 3920 1071 3963 at
1086 3915 1189 3964 emeras
1198 3941 1230 3950 -
1246 3929 1295 3963 nen
1307 3914 1381 3962 illem
1396 3915 1478 3976 clorio

927 3995 999 4054 pulsi
1023 3995 1158 4059 Laetificat
1176 3991 1275 4056 Menai.
1292 3993 1401 4055 Legem:
1416 3993 1477 4043 Cae·

929 4075 991 4121 aar?
1015 4078 1046 4120 ut
1067 4073 1172 4121 emmaus
1192 4070 1260 4120 venti
1285 4087 1394 4134 rapuere
1411 4074 1477 4122 curi·

928 4166 987 4205 aas.
1006 4153 1192 4213 Absconditque
1207 4150 1314 4211 fretum
1333 4154 1435 4210 eleasar,
1452 4159 1477 4201 et

928 4232 1004 4279 litore
1019 4232 1086 4279 solua
1103 4231 1165 4278 Dux
1185 4231 1257 4278 stetit
1278 4231 1412 4291 Hesperio,
1428 4245 1478 4278 noa

927 4312 1001 4358 illum
1018 4310 1099 4372 plotio
1117 4309 1189 4371 pulei
1223 4309 1359 4370 Laetificat
1378 4311 1476 4372 Maeni.

929 4389 1048 4450 Quaestio
1069 4390 1099 4438 de
1120 4387 1273 4437 nominativo
1302 4387 1414 4436 absoluto
1442 4387 1476 4435 la-

929 4469 978 4518 tius
1001 4475 1082 4532 patet:
1108 4475 1132 4517 et
1158 4468 1236 4516 multa
1260 4467 1387 4531 exempla,
1413 4484 1476 4532 quac

929 4548 1074 4608 afferuntur,
1101 4549 1137 4596 ita
1160 4548 1277 4611 explicari
1301 4554 1418 4611 possunt,
1449 4558 1476 4597 ut

928 4628 1008 4691 magis
1027 4627 1115 4677 rationi
1131 4627 1291 4690 conveniant,
1309 4643 1383 4691 quam
1409 4628 1475 4675 vidc-

930 4716 979 4758 tur.
1003 4708 1149 4759 Perizonius
1170 4711 1200 4757 erl
1224 4709 1315 4759 Sanctii
1333 4708 1476 4758 Minervam
