3750 5759
368 674 409 734 32
758 663 1115 730 SATIRARUM

411 856 459 921 At
481 858 573 940 pater
594 860 632 918 ut
652 852 770 939 gnati,
797 852 844 918 sic
867 874 926 916 nos
946 851 1102 916 debemus
1125 849 1223 914 aurici

414 960 448 1027 Si
472 959 559 1045 quod
582 958 627 1023 sit
645 956 766 1022 vitium
790 978 855 1020 non
876 955 1035 1021 fastidire.
1061 954 1248 1020 strabonem

412 1063 570 1150 Appellat
594 1065 728 1147 paetum
752 1064 861 1145 pater3
881 1064 914 1124 et
934 1058 1087 1145 pullum,
1106 1057 1193 1122 male
1215 1077 1336 1143 parvus

330 1188 338 1204 ·
414 1167 449 1234 Si
468 1166 521 1232 oui
535 1165 625 1231 filius
649 1169 719 1248 est,
743 1168 781 1230 ut
807 1163 974 1230 abortivus
999 1162 1065 1228 fuit
1086 1161 1167 1227 olim

415 1269 594 1356 Sisyphus3
616 1268 704 1333 hunc
732 1289 848 1332 varum
875 1265 1023 1332 distortis
1055 1265 1221 1347 cruribus,
1245 1264 1343 1329 illum

416 1372 567 1439 Balbutit
590 1392 742 1438 scaurum
764 1369 874 1457 pravis
896 1369 1020 1436 fultum
1040 1369 1126 1434 male
1148 1368 1235 1434 talis.

413 1476 547 1542 Parcius
562 1475 616 1541 hic
639 1474 746 1540 vivit?
768 1473 857 1560 frugi
884 1473 1020 1540 dicatur.
1066 1474 1203 1559 Ineptus

413 1578 459 1644 ut
484 1578 658 1645 iactantior
682 1577 737 1643 hic
754 1576 867 1663 paullo
884 1579 959 1642 est?
986 1576 1164 1642 concinnus
1181 1575 1296 1642 amicis

414 1683 566 1748 Postulat
586 1687 625 1747 ut
648 1681 806 1747 videatur.
854 1681 902 1746 At
923 1686 974 1746 est
993 1679 1226 1763 truculentior,
1247 1683 1345 1765 atque

414 1786 493 1852 Plus
515 1807 617 1872 aequo
640 1785 744 1850 liber?
766 1784 909 1870 simplex
928 1783 1088 1870 fortisque
1107 1783 1273 1849 habeatur.

369 1992 470 2037 nomen,
488 1978 599 2027 homines
616 1977 912 2042 quivixereetnuncvi·
955 1978 1036 2026 dicere
1060 1975 1186 2040 prohibet,
1211 1974 1287 2023 animi
1310 1973 1390 2036 inopis
1412 1979 1437 2020 et
1458 1985 1498 2035 pu·

368 2064 437 2120 runt.
456 2057 571 2120 Sicapud
587 2056 646 2104 alios
662 2056 791 2119 scriptores
808 2057 914 2104 cicade·
956 2056 1016 2114 silli,
1041 2057 1084 2120 qni
1109 2055 1179 2104 effari
1206 2054 1347 2117 incipientes
1371 2053 1397 2100 in
1421 2052 1499 2100 media

368 2139 454 2195 creuit,
463 2138 582 2199 umescit,
591 2136 851 2195 desuevit,dubitamt
868 2133 915 2180 hoc
956 2151 1015 2186 voce
1024 2137 1153 2196 resistunt,
1165 2149 1210 2184 uec
1227 2148 1284 2183 raro
1299 2139 1403 2182 utuntur
1423 2131 1499 2180 verbis

368 2217 408 2265 vel
424 2216 486 2264 illud
502 2215 590 2264 facere.
615 2214 687 2265 Conf.
710 2214 825 2278 exempla
849 2213 915 2275 apud
955 2217 991 2264 rei
1018 2216 1143 2280 praesenti
1171 2228 1222 2263 non
1251 2213 1321 2276 aptis.
1362 2213 1498 2274 Legamus:

367 2297 455 2346 Burm.
465 2296 497 2343 ad
504 2294 613 2344 Phaedri
621 2296 642 2344 Ι.
652 2309 669 2342 r.
678 2295 780 2357 Prolog.
789 2301 814 2343 et
822 2293 915 2343 Moser.
956 2295 1127 2358 Infacurrdior
1138 2299 1176 2343 ert
1190 2292 1301 2356 paullo?
1326 2293 1410 2341 urinas
1425 2297 1499 2354 aptus

368 2378 399 2424 ad
425 2375 537 2426 ciceron.
558 2376 589 2422 de
605 2374 691 2422 Divis.
713 2374 735 2422 Ι.
755 2373 794 2421 39.
818 2387 841 2434 p.
860 2370 914 2420 192.
955 2377 1039 2423 acutia
1071 2371 1187 2422 Naribus
1203 2375 1291 2420 damam
1308 2373 1444 2421 harrriuum.
1461 2370 1498 2419 In-

368 2456 463 2504 Eadem
480 2460 518 2502 est
536 2452 683 2515 significatio
703 2453 810 2510 sacculi,
832 2456 862 2498 ut
889 2449 915 2497 in
955 2453 1082 2502 facundior
1099 2459 1136 2502 est
1152 2452 1254 2517 aliquis?
1288 2451 1498 2500 Dicaturnonsa·

368 2541 427 2583 nato
443 2533 522 2582 Taciti
533 2531 618 2582 Germ.
633 2532 670 2579 19.
697 2546 741 2580 uec
757 2543 916 2592 corrumpere
955 2533 987 2582 tis
1012 2540 1085 2596 aptus
1110 2532 1210 2595 ingenio
1238 2537 1263 2578 et
1282 2530 1411 2594 sagacitati
1430 2530 1499 2578 huius

367 2618 393 2662 et
416 2614 544 2675 ccmurupi
571 2613 700 2661 saeculum
723 2615 836 2659 vocatur.
874 2608 915 2657 Ita
956 2613 1052 2662 saeculi.
1087 2612 1138 2674 Qui
1161 2626 1241 2675 sagax
1266 2612 1391 2669 odoratur,
1409 2610 1499 2661 Graece

368 2691 418 2741 sere
444 2707 523 2742 arares
549 2691 635 2742 Senec.
660 2690 740 2753 Epist.
765 2688 805 2737 39.
843 2690 914 2737 Tunc
955 2693 1004 2751 τὴν
1020 2691 1079 2757 ῥῖνα
1105 2692 1163 2749 ὀξὺς
1185 2691 1280 2740 dicitnr.
1313 2690 1441 2753 Descripsi
1462 2704 1498 2739 su·

367 2778 453 2821 autem
470 2777 689 2822 consummataest
707 2768 915 2833 infelicitas‚ubi
954 2786 1000 2836 pra
1025 2772 1194 2835 infecundum
1214 2770 1295 2819 verbis
1316 2768 1367 2819 fere
1387 2771 1498 2820 Horatia·

368 2855 458 2918 turpia
474 2869 525 2902 aaa
540 2853 770 2908 solumdelectarrt‚
786 2850 914 2898 sedetiam
955 2853 1006 2912 nis;
1034 2867 1140 2915 quarum
1156 2851 1240 2900 multis
1265 2851 1296 2899 de
1320 2865 1347 2900 se
1363 2850 1417 2913 ipso
1441 2865 1498 2900 usus

365 2935 485 2995 placent:
501 2935 526 2979 et
537 2932 632 2979 demna
648 2943 699 2978 esce
709 2928 817 2978 remedio
834 2928 914 2983 iactu,
954 2939 997 2980 est.
1025 2932 1059 2980 Et
1075 2931 1126 2990 hic,
1144 2932 1225 2990 credo,
1242 2944 1268 2979 se
1281 2930 1364 2993 ipsum
1376 2932 1498 2994 cogitavit.

368 3013 502 3074 ubi‚quae
519 3013 630 3072 suerunt
645 3010 723 3066 ciria,
749 3020 827 3054 mcree
843 3010 913 3053 ruat.
956 3012 1024 3060 Talis
1053 3018 1119 3071 erat,
1145 3011 1191 3059 sibi
1213 3025 1263 3059 non
1292 3025 1403 3074 parcens.
1436 3012 1500 3061 Vide

368 3091 439 3139 Idem
457 3091 484 3138 lsi
500 3090 624 3146 hormines,
650 3094 679 3135 ut
702 3101 763 3134 mox
783 3085 913 3134 Horatius:
954 3091 1106 3147 Bentleium,
1133 3090 1247 3154 exempla
1269 3089 1421 3139 afferentem,
1464 3091 1500 3139 Ea

367 3171 473 3218 naribus
489 3169 577 3216 aarum
589 3167 730 3223 dormirem,
742 3171 778 3224 et,
792 3166 859 3214 iuter
871 3167 915 3214 hoc
955 3170 1012 3219 hinc
1021 3185 1079 3229 uno,
1091 3172 1268 3232 tufacuadme,
1278 3177 1412 3233 augentur.
1430 3169 1500 3231 Quod

367 3248 532 3311 accurritur.
956 3251 1075 3300 Horatius
1091 3265 1117 3298 se
1141 3249 1199 3298 alibi
1220 3249 1358 3298 nominavit
1376 3253 1452 3300 irasci
1457 3249 1499 3314 sc·

401 3327 556 3377 Irssssundlw
582 3330 620 3373 0⁸i
644 3326 740 3388 PWllO·
783 3323 916 3374 Affioeiiwe
955 3330 1097 3390 ailera,hoe
1106 3345 1173 3379 nunc
1182 3331 1303 3393 expressit
1317 3331 1344 3378 in
1352 3332 1450 3380 caldmr
1458 3336 1499 3378 est.

366 3408 483 3470 paruus,
499 3407 647 3463 iactantior,
666 3406 841 3464 truculentior,
853 3407 916 3467 plus
989 3415 1026 3460 Ar
1036 3413 1161 3474 icamiam
1170 3413 1255 3474 essens
1264 3412 1368 3461 Inculto
1381 3412 1446 3460 later
1460 3411 1501 3458 acc

368 3502 445 3549 aequo
469 3488 543 3544 liber,
568 3485 629 3534 vitia
652 3487 785 3534 ostendunt
804 3485 915 3544 diversa,
955 3493 1000 3539 cub
1009 3505 1116 3552 corpure.
1133 3491 1302 3540 Innonnullis
1311 3489 1389 3540 MSS.
1399 3497 1499 3552 pectore.

290 3626 292 3629 v
368 3567 464 3616 caldior
473 3573 498 3614 et
506 3567 653 3614 iracundior
664 3580 743 3613 unum
752 3571 825 3628 atquc
836 3564 914 3622 idem,
958 3571 1008 3622 Sed
1024 3571 1134 3634 apposita
1150 3577 1210 3618 sunt
1224 3576 1346 3633 carpuset
1361 3575 1456 3632 pectus,
1473 3576 1499 3616 ut

369 3645 416 3693 hoc
431 3645 530 3708 quidem
547 3644 574 3691 in
592 3644 652 3692 loeo.
685 3645 774 3707 Neque
792 3643 914 3690 facileex-
956 3651 982 3698 in
1001 3651 1088 3699 Horat,
1105 3650 1184 3714 Epist,
1202 3650 1224 3698 Ι,
1237 3663 1274 3698 1v,
1285 3649 1309 3698 6.
1328 3650 1388 3698 Non
1405 3655 1435 3697 tu
1451 3663 1500 3699 sar-

368 3725 481 3788 plicatur‚
499 3737 575 3787 quare
588 3724 735 3772 iracundior
751 3722 915 3786 appellaretur
953 3745 1002 3793 pus
1017 3746 1074 3779 eras
1094 3732 1147 3780 ,eine
1162 3736 1267 3793 pectore,
1292 3729 1408 3778 Fortasse
1425 3729 1500 3777 insul-

369 3803 452 3851 minus
471 3809 543 3866 aptus
559 3804 665 3850 naricam
676 3805 760 3849 acutis
769 3802 859 3849 horum
872 3800 915 3849 ho·
956 3814 1010 3857 turn
1024 3823 1112 3872 corpus
1125 3809 1230 3858 nimium
1246 3815 1283 3857 est
1299 3808 1326 3856 in
1339 3808 1447 3867 homine,
1460 3806 1501 3871 qui

369 3882 471 3930 minum.
508 3883 591 3930 Nares
606 3888 697 3929 acutae
713 3890 771 3929 sunt
787 3881 914 3929 hominnm
956 3887 1030 3936 rideri
1045 3889 1121 3952 possit
1137 3888 1168 3937 ob
1184 3896 1269 3950 togam
1285 3888 1369 3952 paullo
1388 3889 1499 3938 rusticius

369 3968 441 4010 acuit)
466 3960 566 4023 ingenio
590 3960 769 4023 Ρηθᾶῐῐθϊωῐῑ,
786 3968 815 4008 ut
831 3963 916 4010 obesae
956 3968 1118 4026 defluentem,
1135 3973 1159 4015 et
1176 3967 1284 4016 calceum
1300 3968 1436 4019 laxiorem:
1456 3968 1500 4017 ele·

369 4056 459 4090 crasso.
481 4041 535 4089 Iam
548 4040 660 4089 homines
676 4040 742 4088 acuti
758 4039 852 4102 ingenii
868 4039 915 4087 ira·
956 4046 1067 4109 gantior,
1092 4061 1132 4095 me
1148 4047 1242 4106 iudice,
1262 4055 1326 4097 esset
1343 4064 1443 4099 versus:
1467 4052 1501 4097 At

369 4122 462 4169 cnndos
472 4136 522 4170 non
532 4122 688 4184 suspendunt
696 4134 764 4179 nasa,
773 4135 823 4168 non
832 4133 916 4168 amare
956 4129 1083 4190 inpensum
1105 4129 1191 4190 ingens
1229 4130 1265 4176 In
1290 4131 1363 4178 sulcu
1380 4131 1502 4179 laterior

371 4202 484 4263 irrident;
510 4216 568 4250 nam
593 4207 618 4250 et
636 4202 755 4250 iracundi
773 4214 845 4263 saepe
870 4199 917 4263 ipsi
956 4207 1000 4254 eud
1018 4207 1116 4256 curtae.
1142 4207 1174 4254 In
1190 4207 1237 4255 hoc
1251 4208 1322 4256 cultu
1339 4207 1400 4257 latet
1417 4208 1501 4270 ingens

369 4291 427 4332 eunt
444 4281 544 4330 naribus
565 4280 723 4340 acutissimis,
749 4288 773 4330 et
789 4280 916 4344 stupidum
956 4285 1084 4347 ingenium
1093 4285 1140 4334 sub
1149 4287 1245 4335 cortice.
1263 4287 1309 4336 Ille
1322 4295 1406 4338 tamen
1419 4303 1501 4352 quam·

370 4376 423 4411 esse
442 4368 551 4425 oportet,
576 4361 620 4425 qui
647 4361 767 4429 indolem,
791 4361 864 4410 irasci
880 4361 915 4409 fa·
956 4365 993 4412 vis
1010 4365 1045 4412 ita
1064 4364 1158 4426 cultus,
1178 4366 1241 4415 celat
1264 4366 1352 4429 ingens
1374 4368 1501 4431 ingenium

370 4441 499 4500 cillimarn,
525 4441 583 4490 iocis
618 4440 796 4504 intempestivis
827 4440 915 4490 irritat.
956 4443 1001 4492 sub
1027 4451 1132 4494 externa
1156 4447 1241 4510 specie.
1278 4447 1371 4497 Cultus
1396 4456 1434 4498 cst
1451 4462 1502 4498 ver·

371 4519 421 4581 Qui
433 4518 464 4566 ab
479 4520 613 4582 ingeniosis
621 4519 762 4579 irridentur,
770 4520 916 4584 plerumque
955 4523 1051 4573 bumba
1063 4529 1115 4575 τῶν
1123 4524 1215 4590 μέσων,
1228 4534 1256 4575 ut
1264 4526 1401 4576 videbimus
1412 4530 1444 4577 ad
1461 4528 1501 4579 Sa·

370 4605 429 4648 sunt
445 4600 617 4662 simpliciores,
642 4615 721 4663 pauca
740 4608 765 4648 et
787 4600 916 4663 singultim
955 4604 995 4653 tir.
1020 4604 1056 4653 II.
1078 4620 1108 4654 11.
1129 4605 1169 4655 66.
1206 4609 1234 4656 ire
1259 4613 1379 4657 recurram
1399 4611 1502 4673 ‘partem

370 4679 511 4743 loquentes,
537 4694 598 4742 quos
625 4681 705 4743 pudor
730 4679 811 4729 infans
838 4680 917 4729 multa
956 4685 1314 4736 cucrm.sormu1arneultu
1332 4689 1414 4738 etalii
1428 4689 1499 4739 multi
