3750 5759
790 726 1142 795 SATIRARUM

441 922 593 1004 Rectius,
616 926 713 1007 atque
734 920 834 985 etiam
853 918 972 984 melius
991 938 1144 1002 persaepe
1165 920 1296 1002 togatae
1316 924 1375 981 est.

437 1025 532 1091 Adde
555 1025 618 1090 huc
641 1024 728 1111 quod
751 1044 892 1089 mercem
916 1022 987 1088 sine
1010 1020 1093 1086 lueis
1117 1024 1241 1105 gestat,
1266 1024 1376 1105 aperte

439 1129 533 1210 Quod
557 1129 672 1195 renale
695 1128 795 1193 habet
818 1125 980 1192 ostendit:
1005 1146 1083 1208 neo,
1108 1123 1137 1189 si
1161 1123 1240 1209 quid
1262 1123 1393 1189 honesti
1417 1128 1483 1208 est,

437 1235 543 1300 Iactat
565 1233 727 1318 habetque
749 1231 877 1317 palam,
902 1228 1030 1316 quaerit
1052 1250 1115 1314 quo
1139 1227 1249 1313 turpia
1272 1227 1364 1293 celet.

435 1339 581 1425 Regibus
605 1339 657 1405 hic
680 1361 752 1404 mos
777 1344 844 1404 est:
871 1338 927 1403 ubi
952 1357 1051 1422 equos
1074 1340 1278 1419 mercantur,
1303 1339 1432 1420 opertos

438 1443 638 1528 Inspiciunt,
666 1465 726 1526 ne,
752 1442 781 1508 si
804 1442 923 1525 facies,
948 1445 986 1506 ut
1009 1461 1122 1526 saepe,
1147 1439 1262 1505 deeora

433 1545 528 1610 Molli
550 1546 637 1612 fulta
659 1546 741 1632 pede
764 1551 831 1629 est,
857 1551 1015 1611 amtorem
1037 1543 1174 1609 inducat
1195 1543 1365 1626 hiantem,

432 1647 526 1728 Quod
548 1650 702 1735 pulchrae
725 1649 856 1733 clunes,
880 1650 977 1714 breve
1000 1647 1086 1734 quod
1110 1652 1225 1733 caput,
1249 1647 1351 1712 ardua
1373 1648 1491 1714 cervix.

430 1751 503 1818 Hoc
525 1753 576 1818 illi
599 1759 699 1832 reete:
724 1775 766 1818 ne
789 1752 931 1838 corporis
955 1750 1081 1837 optima
1104 1751 1226 1836 Lyncei

385 1895 469 1958 agitur
493 1897 524 1946 de
545 1896 651 1947 feminis,
685 1897 738 1948 Cur
759 1903 872 1945 uteretur
893 1910 935 1943 ex·
975 1896 1141 1954 meretricem,
1162 1897 1193 1944 ab
1209 1895 1270 1944 tirbc
1287 1895 1525 1964 Euboicat'yKinw-

385 1975 466 2037 amplo
476 1976 559 2038 pueri,
577 1991 633 2025 cum
645 1977 682 2025 uti
693 1977 813 2040 potuisset
824 1974 935 2038 puellae?
975 1975 1021 2032 θος
1043 1976 1203 2040 appellatam,
1220 1989 1341 2039 agnosoo;
1357 1977 1405 2026 nisi
1423 1977 1525 2027 fortasse

384 2053 491 2118 Culpam
516 2070 570 2106 esse
594 2058 667 2106 credo
690 2057 861 2114 librariorum,
883 2071 934 2104 non
975 2053 1040 2102 dicta
1057 2054 1131 2104 fuerit
1150 2056 1286 2112 Cerintho,
1303 2055 1385 2119 itaque
1401 2058 1523 2122 corrigen-

382 2136 495 2196 Horatii,
511 2137 554 2200 qui
571 2136 674 2187 fortasse
691 2138 800 2201 scripsit:
820 2139 861 2186 Sit
877 2138 935 2185 licet
975 2132 1034 2180 dum
1050 2133 1090 2182 sit.
1123 2136 1225 2184 Mulier
1240 2136 1375 2185 sententiae
1385 2136 1434 2185 loci
1444 2137 1523 2202 magis

382 2218 438 2274 loo,
458 2216 595 2275 Cerintho,
613 2223 692 2266 tuone.
728 2216 800 2265 Licet
811 2215 892 2264 femur
903 2216 934 2264 sit
974 2215 1115 2276 respondct;
1133 2230 1224 2264 nomen
1242 2222 1324 2263 autem
1340 2215 1466 2277 mulieris,
1483 2219 1521 2267 de·

382 2293 528 2351 Corinthea,
545 2296 658 2359 inprimis
671 2295 834 2345 nobilitatum.
861 2295 933 2356 Quod
974 2292 1056 2341 sinens
1073 2293 1100 2342 in
1117 2297 1173 2344 tta-i
1188 2309 1239 2344 non
1257 2294 1327 2343 facile
1344 2295 1507 2345 invenietur.“

381 2375 447 2424 idem
473 2376 611 2440 elegantius
637 2376 750 2426 effertur:
776 2376 833 2424 licet
859 2382 932 2424 taum
1009 2374 1059 2432 Ne,
1072 2376 1095 2422 ti
1105 2374 1430 2438 socier,otsoepe,decoro
1448 2377 1521 2426 Molli

381 2457 430 2513 ait,
450 2470 464 2504 o
483 2455 613 2504 Cerintho.
648 2456 767 2505 Horatius
789 2455 816 2502 in
833 2453 930 2504 Carmi-
967 2453 1044 2516 fulto
1060 2455 1122 2516 pede
1139 2460 1183 2504 est.
1215 2455 1286 2504 Haec
1296 2455 1330 2503 ita
1340 2458 1521 2519 transponenda

380 2535 454 2583 nibus
465 2536 573 2599 praefert
586 2537 785 2585 terminationem
798 2535 932 2596 Graecam,
973 2546 1026 2580 esse
1043 2531 1158 2583 arbitror:
1177 2549 1219 2592 oe,
1236 2539 1260 2582 aa·
1270 2534 1366 2596 socies,
1389 2541 1418 2582 ot
1435 2550 1518 2600 saepe,

381 2614 533 2678 dixissetque
549 2616 610 2664 adeo
625 2615 757 2675 Cerintho,
775 2617 817 2664 scd
829 2617 856 2663 in
865 2616 931 2664 Iam·
972 2614 1073 2671 dacoro,
1098 2613 1172 2670 Quod
1191 2615 1312 2674 pulchrae
1331 2615 1416 2662 clunes
1437 2617 1518 2676 breue,

380 2692 431 2752 bia,
449 2692 550 2751 Satiris,
568 2701 592 2742 et
603 2695 723 2758 Epistolis
734 2696 860 2754 Latinam,
871 2710 931 2760 ergo
972 2693 1038 2753 qood
1053 2697 1148 2754 capot,
1160 2693 1243 2740 ordeo
1255 2694 1352 2750 cocta,
1364 2693 1519 2758 Mollifotta

381 2772 512 2823 Cerintho.
533 2773 929 2840 Conf,Bentl‚adEpod‚XV11,
968 2772 1031 2831 peda
1051 2777 1102 2831 est,
1127 2776 1243 2820 eniterent
1268 2773 1375 2820 inducat
1400 2774 1517 2825 litoteta.

380 2852 418 2904 17.
453 2853 563 2903 Nomina
583 2853 725 2903 huiuamodi
743 2854 881 2903 formantur
897 2869 930 2903 ex
972 2849 1061 2898 Faciet
1077 2849 1118 2897 hic
1134 2864 1184 2898 non
1201 2851 1274 2899 modo
1299 2864 1337 2909 os,
1362 2853 1458 2911 oculor,
1481 2869 1517 2915 qe·

378 2931 532 2991 masculinis,
557 2937 585 2980 ut
610 2947 643 2981 ex
666 2935 764 2996 Lycas,
793 2935 870 2997 Lyce,
896 2948 928 2982 ex
970 2928 1516 2993 out,aorossignificat,verumetiamalias

381 3009 496 3071 Carolus,
505 3012 608 3060 libertus
617 3013 684 3076 apud
695 3012 795 3062 Sueton.
805 3013 929 3076 Veap.23,
969 3009 1076 3071 corporis
1098 3016 1192 3072 partes,
1212 3013 1308 3067 olatio,
1330 3014 1421 3071 Caput,
1443 3013 1516 3060 cervi·

381 3089 489 3148 Cerulo,
511 3090 538 3138 in
561 3090 727 3154 Inscriptione
748 3093 813 3155 apud
835 3091 926 3142 Grute-
969 3103 1029 3136 cent.
1063 3089 1187 3153 Exempla
1216 3090 1283 3138 dedit
1313 3089 1424 3140 Gronov.
1450 3092 1515 3141 Lect.

378 3183 442 3219 rum.
471 3170 581 3219 Carolus
598 3178 635 3218 est
652 3170 779 3234 Κήρυλος.
809 3171 929 3222 Cariatha
969 3165 1079 3216 Plautiss·
1100 3183 1124 3231 p-
1145 3168 1166 3217 ῙΙ
1201 3168 1286 3217 Facies
1307 3170 1407 3229 decora,
1432 3185 1515 3234 quam·

379 3249 510 3312 Κηρύνθη,
524 3249 715 3299 herbaaPlinio
723 3251 872 3300 nominatur,
890 3253 928 3301 At
968 3245 1006 3294 vis
1022 3247 1091 3295 molli
1107 3248 1169 3310 pede
1186 3247 1259 3307 fulta,
1283 3256 1403 3298 amtorem
1423 3250 1515 3299 inducit

378 3327 471 3392 Virgil.
488 3329 536 3378 IV.
560 3328 653 3392 Georg.
666 3330 707 3379 63.
732 3331 870 3380 Cerintboe
885 3348 927 3381 oo·
967 3324 1076 3375 hiantem
1092 3327 1118 3374 in
1135 3327 1187 3376 ⁸01a
1204 3327 1276 3386 facie,
1298 3330 1359 3378 adeo
1379 3337 1408 3378 Ut
1428 3331 1514 3394 pedem

377 3408 425 3454 bt'le
441 3422 551 3469 momen.
585 3408 696 3456 Librarii
712 3408 804 3472 ubique
815 3409 867 3459 fere
878 3417 926 3459 ter·
967 3409 1154 3479 praetervideat.
1192 3410 1273 3457 stollis
1292 3425 1338 3470 pet
1358 3410 1419 3459 vitio
1441 3411 1514 3461 verti-

376 3485 536 3535 minationem
554 3485 675 3536 Graecam
698 3495 723 3536 et
738 3489 855 3538 Latinam
872 3504 926 3553 per·
967 3492 1019 3542 tur,
1037 3489 1122 3536 mollio
1138 3504 1216 3537 crura
1232 3487 1307 3547 laudi.

376 3566 534 3615 miscuerunt.
560 3567 692 3630 Ingentem
701 3569 872 3633 exemplorum
880 3586 924 3619 nu·
1001 3569 1042 3615 Ne
1065 3570 1177 3630 corporis
1198 3570 1294 3630 optima
1319 3570 1415 3632 Lyncea·
1452 3573 1511 3622 Con·

376 3661 473 3696 merum
498 3647 621 3709 congessit
646 3646 761 3696 Oudend.
782 3648 813 3695 ad
831 3647 925 3710 Appul,
966 3648 1083 3708 teotplere
1100 3649 1186 3715 oculta,
1206 3650 1328 3711 Hypsaeo
1345 3653 1442 3701 caedor
1459 3654 1515 3710 t'llo,

376 3725 480 3774 Metam.
498 3741 522 3789 p.
544 3725 585 3772 96.
610 3740 646 3789 sq.
680 3725 730 3786 Qui
755 3726 795 3773 hie
819 3726 926 3776 mutavit
969 3724 1041 3781 Quoa
1062 3726 1131 3773 molo
1151 3731 1226 3783 tuat,
1246 3734 1347 3789 speclea.
1385 3727 1511 3778 Bentleius

379 3802 504 3852 Cariatha
520 3804 547 3851 in
567 3804 698 3862 Cerintho,
711 3803 926 3855 fortassenoverat
965 3808 1030 3851 recte
1046 3804 1198 3853 emendavit:
1228 3807 1268 3854 Tu
1288 3809 1401 3869 corporis
1417 3812 1512 3873 optima

376 3882 526 3931 Corinthum
541 3881 611 3930 illum
623 3881 742 3944 Sulpitiae
753 3882 925 3946 Tibullianae,
965 3883 1060 3945 Lyncei
1079 3884 1255 3948 Contemplator
1272 3888 1365 3948 ocelim
1387 3890 1511 3953 Hypsaeo

374 3960 415 4009 rel
435 3975 485 4010 non
510 3961 641 4025 cogitavit,
665 3959 686 4007 si
715 3960 836 4011 Cerintho
860 3974 924 4015 esset
964 3962 1130 4021 crodoaldo
1152 3965 1223 4022 Quae
1240 3967 1309 4013 aeolo
1324 3972 1510 4032 matamorus.

370 4042 470 4102 puello,
488 4040 600 4089 nltimam
612 4039 719 4103 produci.
754 4039 826 4087 Hanc
838 4040 863 4088 in
880 4045 923 4094 Ce—
963 4040 1121 4106 Quamquam
1142 4045 1190 4090 illo
1211 4044 1243 4091 ad
1259 4044 1403 4108 Hypsaeam
1420 4049 1510 4098 referre

372 4120 462 4168 rtatim
478 4119 578 4184 corripi,
599 4119 736 4169 communis
758 4125 795 4167 est
817 4122 922 4173 erudito·
961 4121 1054 4169 malim.
1095 4121 1127 4170 In
1153 4122 1229 4174 MSS.
1257 4131 1310 4173 erat
1334 4133 1510 4193 contemplare.

373 4213 431 4246 rum
448 4199 577 4248 sententia.
961 4201 1028 4250 Mihi
1044 4201 1070 4249 in
1087 4209 1196 4251 mentem
1213 4213 1325 4254 venerat:
1346 4208 1387 4256 Tu
1398 4213 1510 4273 eorporis

403 4278 553 4328 Doderlinus
570 4279 641 4343 legit:
658 4282 705 4338 tit,
725 4281 795 4337 licet,
812 4283 856 4329 loc
875 4281 920 4331 Ce-
960 4283 1056 4343 optimo
1078 4283 1172 4344 Lyncei
1190 4282 1366 4347 Contemplatio
1381 4291 1461 4337 oculis
1478 4318 1509 4328 -

371 4359 456 4407 riatbe
473 4365 552 4407 taum.
587 4360 635 4408 Hic
659 4366 716 4407 tuus
741 4373 794 4407 mos
811 4359 856 4419 sit,
873 4359 919 4410 Ce-
959 4366 1066 4420 spectas.
1104 4360 1158 4423 Tu,
1178 4369 1308 4427 postquam
1330 4368 1508 4431 contemplatus

369 4436 462 4484 rinthe:
480 4437 582 4487 Maneat
599 4446 656 4486 tuus
673 4454 738 4499 mos;
761 4453 822 4487 orna
843 4447 868 4488 tc
884 4440 918 4488 la·
959 4451 984 4485 es
1001 4439 1106 4502 optima,
1122 4442 1229 4507 negligis
1246 4443 1319 4492 mala.
1352 4445 1436 4509 Reges
1451 4462 1507 4497 con·

368 4513 441 4575 pillis.
480 4516 534 4564 Hoc
555 4523 579 4565 tc
599 4519 680 4578 decet,
702 4525 726 4567 et
747 4519 790 4566 tibi
812 4519 918 4582 prodest.
958 4523 997 4565 tra
1018 4518 1117 4570 faciunt.
1153 4523 1192 4571 Tu
1215 4527 1380 4586 contortiplote
1400 4536 1506 4590 spectas,

368 4594 434 4642 Tum
457 4602 570 4643 annotat:
593 4597 640 4655 „In
662 4599 708 4647 hoc
730 4614 776 4662 ogo
798 4598 917 4649 Cerintho
958 4612 1002 4659 pro
1020 4605 1214 4664 certioraretur,
1232 4610 1260 4650 ut
1271 4604 1365 4668 Virgil.
1378 4606 1444 4656 Aen.
1456 4609 1504 4658 IX.

366 4688 411 4721 nee
428 4674 552 4737 pathicum
569 4678 703 4738 quendam,
726 4693 815 4726 nomen
839 4667 917 4739 idem,
958 4679 1013 4728 485.
1050 4683 1109 4730 Heu
1126 4684 1228 4732 cunibus
1246 4686 1304 4734 dote
1317 4688 1417 4746 proedo
1435 4690 1505 4737 Luti-

366 4755 431 4816 quod
448 4753 581 4804 Corinthus
604 4757 709 4815 Tibulli,
722 4765 916 4820 gerentem,nee
957 4761 996 4808 rtis
1015 4762 1171 4825 alitibusque
1182 4765 1251 4813 iaces.
1286 4763 1357 4814 Conf.
1375 4766 1503 4817 Heindorf.
