3750 5759
782 712 964 776 Llssuu
1011 714 1034 776 l.

383 896 471 978 Quid
493 901 584 962 vetat
607 901 640 962 et
664 902 793 962 nosmet
816 896 924 962 Lucili
948 898 1069 983 scripta
1093 898 1239 984 legentes

383 999 560 1083 Quaerere,
589 1022 669 1066 num
693 1000 802 1083 illius,
827 1023 908 1065 num
927 1023 1035 1066 rerum
1059 1001 1139 1067 dura
1163 1002 1292 1088 negarit

381 1104 567 1170 Versiculos
592 1110 711 1170 nature
734 1104 842 1189 magis
865 1105 970 1170 factos
995 1110 1027 1170 et
1051 1110 1165 1172 euntes

382 1209 535 1293 Mollius,
560 1209 650 1275 acsi
674 1208 766 1296 quis,
791 1208 929 1295 pedibus
954 1210 1034 1295 quid
1057 1209 1206 1276 claudere
1233 1209 1337 1294 senis,

382 1312 455 1379 Hoc
478 1319 610 1380 tantum
633 1318 827 1396 contentus,
853 1318 942 1378 amet
965 1312 1136 1398 scripsisse
1159 1311 1316 1379 ducentos

379 1416 469 1482 Ante
492 1417 603 1483 cibum
627 1439 756 1499 versus,
783 1416 922 1482 tetidem
939 1418 1118 1483 coenatus?
1165 1416 1296 1482 Etrusci

380 1518 484 1600 Quale
507 1521 573 1586 fuit
596 1520 691 1587 (lassi
715 1520 832 1607 rapido
855 1520 1036 1586 ferventius
1060 1520 1150 1585 amni

379 1623 573 1709 Ingenium,
597 1625 704 1712 capsis
729 1647 827 1712 quem
850 1625 942 1690 fama
965 1631 1110 1691 estesse
1134 1625 1292 1712 librisque

379 1728 583 1795 Ambustum
607 1729 758 1816 propriis.
808 1729 923 1794 Fuerit
947 1729 1114 1813 Lucilius,
1140 1729 1291 1814 inquam,

380 1831 491 1899 Cumis
515 1839 549 1898 et
571 1833 735 1916 urbanus,
760 1832 861 1898 fuerit
883 1832 1030 1898 limatior
1054 1833 1159 1916 idem,

379 1935 488 2016 Quam
512 1938 603 2004 rudis
628 1926 661 2004 et
685 1937 818 2004 Graecis
844 1938 963 2003 intacti
986 1937 1141 2004 carminis
1166 1943 1297 2020 auctor,

381 2038 554 2128 Quamque
576 2048 747 2129 poetarum
773 2042 938 2107 seniorum
964 2042 1075 2120 turba3
1102 2041 1159 2108 sed
1183 2041 1254 2124 ille,

380 2144 416 2210 Si
439 2145 524 2212 foret
546 2147 607 2214 hoe
630 2151 783 2212 nostrum
805 2146 875 2212 fato
898 2146 1022 2212 dilatus
1046 2145 1082 2210 in
1106 2168 1241 2230 aevum,

369 2265 453 2324 Quale
465 2266 521 2325 fuit
539 2265 590 2314 Cas
607 2266 620 2329 '-
634 2266 725 2327 rapido
739 2264 884 2328 ferventius
956 2263 1106 2313 Doderlinus
1139 2271 1211 2327 putat
1246 2270 1372 2312 auctorem
1406 2263 1478 2310 ruetis

331 2347 404 2394 urrini
434 2346 573 2408 lucentem.
590 2280 690 2394 &orat
698 2341 783 2394 Caum.
794 2343 843 2393 1v.
853 2357 883 2394 11.
923 2345 1044 2393 canterinis
1060 2356 1118 2392 eum
1130 2357 1191 2401 esse,
1208 2343 1356 2406 quiprimus
1367 2343 1473 2392 Fescen-
1521 2354 1524 2358 “

332 2425 365 2472 de
382 2423 504 2481 Pindaro,
528 2424 572 2487 qui
598 2423 691 2474 Fervet
706 2427 885 2487 inanioremque
924 2424 997 2473 niues
1015 2438 1102 2473 versus
1117 2424 1212 2473 cecinit.

332 2506 390 2552 ruit
409 2503 534 2567 pressanda
550 2519 599 2552 cre.
625 2502 717 2563 Attuli,
733 2509 763 2552 ut
779 2503 884 2553 sortasse
960 2505 991 2553 Si
1000 2505 1074 2568 feret
1088 2506 1131 2554 lroe
1148 2503 1436 2566 nostrumseteditutus
1449 2504 1476 2550 in

332 2584 490 2632 emendarem
514 2581 581 2632 Vell.
598 2583 695 2632 Patere.
712 2584 749 2633 11.
768 2584 822 2633 105.
841 2583 883 2634 ln·
922 2600 1018 2633 eccuni.
1052 2583 1084 2631 In
1110 2583 1165 2631 aliis
1187 2584 1286 2632 deletus
1302 2589 1327 2630 et
1351 2585 1477 2645 delapsus.

333 2668 408 2710 trata
422 2663 540 2726 protinus
560 2663 707 2721 Gerirreniu,
724 2666 822 2712 subacti
835 2664 884 2712 Cu·
923 2663 998 2712 Talia
1022 2677 1095 2726 saepe
1125 2663 1151 2710 in
1177 2661 1253 2712 MSS.
1281 2660 1477 2718 confunduntur,

333 2742 476 2810 ninesetes,
494 2743 623 2800 Attuarii,
637 2745 772 2802 Bructeri,
788 2745 884 2807 recepti
924 2758 948 2792 v.
966 2757 986 2792 c.
1004 2742 1100 2792 Lucan.
1118 2742 1152 2791 X.
1170 2743 1226 2790 433.
1240 2742 1353 2803 adsitque
1371 2742 1478 2789 Pothini

337 2823 476 2881 Cherusci,
493 2828 519 2873 et
537 2825 706 2882 inanissimus,
723 2838 780 2873 cmx
795 2829 884 2873 uestra
925 2824 1035 2873 Munere
1055 2825 1179 2872 Phoebeos
1203 2821 1299 2870 Caesen·
1328 2822 1424 2868 ditatus
1449 2822 1477 2867 in

333 2903 405 2951 elude
420 2904 512 2951 nabilis
528 2903 641 2950 transitu
670 2903 793 2964 Visurgis.
819 2899 884 2950 Con·
925 2909 1004 2954 ortus.
1042 2903 1090 2954 Ubi
1116 2903 1142 2950 in
1162 2899 1245 2950 Berol.
1272 2902 1378 2949 detectus.
1417 2899 1477 2947 Neu

333 2979 400 3029 iicio:
426 2983 539 3031 immensi
554 2995 650 3038 ornnes,
676 2986 701 3030 et
722 2997 781 3030 mou
796 2987 885 3029 nostru
925 2983 1003 3044 idem,
1019 2991 1092 3048 puto,
1114 2981 1255 3047 significant
1271 2982 1369 3030 dilutus
1387 2986 1412 3026 et
1433 2981 1475 3027 de·

334 3061 406 3110 clude
423 3062 518 3119 nobilis,
538 3063 666 3110 &cnutus
686 3063 810 3124 Visurpu.
828 3060 884 3110 Alii
925 3067 1002 3112 tutus.
1030 3049 1178 3113 Discernere
1194 3061 1308 3110 conabor.
1341 3059 1420 3107 Nasci
1436 3058 1476 3106 de-

334 3138 390 3188 aliis
414 3140 494 3190 modis
522 3140 571 3188 ise
594 3147 734 3201 tentarunt,
760 3142 885 3190 transitus
925 3143 997 3192 bebat
1013 3144 1132 3193 inventor
1157 3141 1254 3192 Satirae
1277 3141 1418 3197 Romanae,
1435 3151 1478 3185 no·

335 3220 385 3269 iam
401 3228 439 3269 cst
454 3220 578 3270 Rhenani
926 3225 994 3273 mine
1013 3222 1137 3273 Lucilius:
1166 3221 1279 3284 quando,
1298 3218 1410 3266 homines
1436 3229 1478 3264 ne·

370 3301 456 3358 (errem
471 3302 545 3349 redu
557 3306 582 3349 et
602 3302 710 3351 Graecia
728 3301 884 3349 intuettcer-
926 3304 1016 3351 sciunt.
1038 3303 1099 3351 Dies
1116 3301 1210 3350 Lucilii
1221 3299 1310 3347 natalis
1326 3314 1342 3346 a
1359 3298 1410 3345 fate
1421 3310 1477 3344 con-

335 3381 413 3428 mine
437 3389 532 3430 emer.
565 3379 602 3430 Hi
618 3380 649 3428 de
673 3378 770 3436 Ennio,
791 3377 828 3426 illi
854 3379 885 3426 de
926 3382 1026 3430 stitutus
1047 3388 1092 3430 cst.
1125 3381 1217 3430 Fatum
1238 3378 1319 3427 voluit
1339 3391 1397 3425 eum
1422 3376 1478 3438 plus

335 3457 433 3508 Lucilio
448 3459 541 3508 dictum
557 3466 654 3522 putant.
674 3460 714 3508 De
730 3458 827 3507 Lucilio
844 3472 885 3505 ve
926 3475 1002 3525 qnam
1019 3458 1116 3508 sacculo
1134 3465 1190 3507 ante
1213 3457 1260 3505 hoc
1275 3471 1365 3505 aevum
1386 3455 1478 3502 rivere.

335 3551 393 3586 rum
408 3537 471 3589 mihi
487 3539 592 3588 videtur.
625 3541 660 3589 ut
681 3540 728 3590 hoe
743 3539 885 3588 Meinekins
927 3541 955 3591 Si
972 3541 1038 3589 diem
1055 3537 1164 3587 natalem
1181 3535 1288 3592 Lucilii,
1310 3535 1332 3582 si
1349 3533 1477 3583 Lucilium

336 3615 456 3677 defendit,
472 3626 501 3666 ut
517 3617 697 3669 defenderatC.
713 3620 744 3669 F.
762 3620 885 3668 Hermen·
926 3622 973 3669 hoc
989 3635 1050 3669 aevo
1072 3620 1156 3668 vivere
1173 3616 1304 3672 voluisset,
1327 3614 1370 3662 ille
1392 3629 1407 3661 a
1429 3612 1479 3661 fato

336 3711 384 3746 nus
405 3699 432 3746 in
452 3698 534 3748 libelle
558 3701 721 3758 Academico,
747 3701 790 3764 qui
811 3700 876 3750 inter
926 3702 954 3750 in
970 3701 1016 3750 hcc
1037 3713 1127 3748 aevum
1150 3697 1237 3746 fuisset
1260 3697 1363 3745 dilatus
1397 3692 1480 3743 Omne

336 3775 567 3843 pretabaturquum
577 3781 643 3830 idem
660 3795 714 3830 esse
725 3788 799 3845 atque
810 3796 886 3844 quam
927 3782 966 3839 id,
983 3780 1049 3844 quod
1065 3779 1092 3827 in
1109 3776 1208 3826 homine
1226 3774 1268 3823 vel
1285 3788 1312 3822 re
1325 3772 1408 3836 aliqua
1425 3771 1481 3820 fieri

336 3872 385 3920 pro
406 3873 433 3907 ee
453 3861 525 3922 qewd.
558 3860 700 3910 Meiueldus
721 3875 772 3910 non
793 3860 886 3920 laudat,
928 3861 1011 3918 debet,
1037 3872 1083 3907 nee
1099 3855 1183 3906 statim
1200 3855 1240 3915 fit,
1265 3868 1316 3903 non
1337 3853 1421 3902 statim
1443 3865 1480 3899 re-

337 3936 470 4001 accipiens,
500 3939 639 3998 Lucilium,
668 3954 743 4003 quem
766 3939 887 3989 Horatius
928 3945 1107 4004 praesentatur,
1124 3937 1171 3985 hoo
1188 3935 1213 3983 in
1230 3934 1330 3983 homine
1348 3940 1372 3982 et
1388 3947 1415 3981 re
1432 3931 1483 3995 day*-

337 4015 487 4067 limatiorem
502 4017 577 4068 fuisse
593 4019 673 4068 dicere
690 4019 796 4077 volebat,
813 4035 888 4084 quem
921 4022 1007 4082 foui,
1032 4020 1085 4082 ipsc
1110 4017 1185 4066 homo
1209 4021 1233 4064 et
1263 4028 1302 4062 res
1328 4013 1431 4075 defleret
1455 4011 1482 4058 in
1562 4081 1565 4086 .

337 4095 371 4145 ab
386 4097 516 4146 inventore
538 4098 607 4147 rudis
629 4098 781 4163 Graecisque
803 4100 888 4148 intacti
928 4100 997 4147 aliud
1019 4107 1116 4161 tempus
1138 4096 1236 4144 dicitur.
1274 4094 1315 4143 Ex
1341 4089 1483 4139 huiusmodi

338 4177 455 4226 carminis
466 4178 602 4241 exspectari
614 4178 700 4240 possit,
716 4192 742 4227 se
759 4177 819 4241 ipso,
830 4179 889 4227 novi
930 4178 1036 4228 sor-mula
1052 4174 1166 4238 exempla
1183 4172 1284 4220 iudicari
1300 4175 1483 4233 possunt,quae

337 4257 437 4318 generis
453 4264 566 4317 auctore,
577 4257 726 4306 limatiorem
742 4258 826 4318 fuisse,
841 4258 890 4307 dici
929 4258 1044 4309 Oudend.
1062 4257 1093 4304 ad
1112 4255 1214 4304 Sueten.
1226 4251 1326 4301 Caesar.
1343 4249 1383 4297 82.
1402 4246 1483 4295 etalii

338 4336 453 4400 potuisse
495 4338 612 4387 Fortasse
648 4337 783 4400 simplicius
820 4345 889 4387 erat:
930 4340 962 4386 ad
979 4337 1041 4386 alios
1056 4337 1186 4398 scriptores
1203 4329 1346 4379 attulerunt.
1375 4325 1482 4375 Locutio

342 4415 428 4473 Quem
452 4416 526 4463 rudis
550 4420 576 4463 et
601 4416 706 4465 Graecis
725 4417 770 4479 qui
797 4418 892 4466 intecti
931 4418 1029 4466 variata
1053 4422 1090 4465 cst
1119 4429 1134 4462 a
1168 4409 1307 4462 Claudiano
1338 4406 1378 4454 De
1400 4405 1482 4454 Laud·

339 4495 463 4544 carnrtnia
492 4500 592 4552 auctu,
617 4510 692 4558 quam
713 4510 766 4544 esse
795 4495 891 4545 debuit»
932 4497 988 4549 Stil.
1005 4495 1043 4544 Π.
1060 4495 1116 4543 454.
1135 4494 1171 4540 In
1187 4505 1259 4554 quem
1279 4486 1425 4535 distulimus
1437 4500 1484 4532 nee-

340 4572 431 4636 potuit,
448 4586 501 4622 esse
516 4572 591 4634 solet,
608 4581 657 4630 est,
675 4574 717 4637 qui
729 4590 822 4624 novum
839 4591 891 4624 car-
933 4579 1004 4626 liore's
1014 4577 1097 4626 saecla
1114 4571 1212 4621 erietelli
1225 4566 1317 4616 Consul
1329 4565 1407 4621 adest,
1418 4564 1485 4627 quod

341 4652 515 4714 minisgenus,
533 4653 605 4718 idque
620 4654 748 4704 aGraecis
765 4655 892 4711 intectum,
934 4656 999 4704 idem
1025 4662 1062 4704 est
1087 4660 1161 4716 atque
1191 4663 1266 4713 quem
1290 4645 1436 4695 eutulanus
1458 4645 1486 4691 ln

342 4733 437 4796 primus
454 4731 594 4783 elaboravit.
935 4737 1025 4785 saeclo.
1054 4733 1120 4796 Quid
1138 4737 1220 4780 autem
1239 4723 1360 4776 detritus?
1385 4722 1487 4771 Abieta
