3750 5759
789 676 987 742 LIBER
1034 679 1077 742 H.

370 899 373 902 ⁴
404 863 452 929 Ut
473 863 526 928 vel
549 862 705 927 continuo
726 862 851 947 patuit,
880 886 982 948 quum
1006 863 1146 948 passeris
1173 871 1270 949 atque

404 967 579 1052 Ingustata
602 967 683 1031 mihi
708 972 895 1052 porrexerat
915 967 974 1032 ilia
993 967 1130 1032 rhombi.

403 1070 484 1135 Post
505 1071 565 1135 hoc
586 1092 639 1135 me
660 1070 790 1154 docuit,
814 1070 981 1136 melimela
1004 1071 1117 1136 rubere
1140 1071 1301 1136 minorem

403 1172 457 1236 Ad
480 1165 595 1238 lunam
621 1173 763 1239 delectas
785 1173 945 1259 quidhoc
972 1173 1121 1256 intersit,
1146 1174 1186 1239 ab
1210 1175 1282 1259 ipso

403 1276 557 1343 Audieris
581 1277 709 1342 melius.
757 1278 840 1342 Tum
860 1277 1015 1342 Vibidius
1037 1277 1222 1344 Balatroni:

359 1513 447 1571 turba,
467 1514 614 1563 Fundanius
637 1524 661 1564 et
683 1530 768 1565 omnes
786 1517 842 1575 alii,
859 1531 910 1565 non

358 1594 479 1654 sciebant,
496 1600 597 1643 caetera
615 1597 700 1653 turba,
721 1609 765 1643 nos
780 1610 911 1644 mereamus

359 1689 431 1733 aces,
447 1676 584 1737 conchylia,
599 1677 687 1737 pisces.
713 1675 744 1723 In
757 1674 795 1723 his
807 1677 911 1737 inquam

359 1752 432 1815 plane
453 1754 558 1802 otiosum
579 1759 604 1801 et
625 1753 682 1816 plus
703 1768 778 1815 quam
794 1767 911 1816 superva-

359 1846 434 1880 cuum
451 1838 501 1891 est,
523 1847 580 1881 cum
604 1833 657 1881 sole
674 1832 765 1881 clarius
781 1839 911 1896 appareat,

359 1926 405 1960 nos
430 1916 455 1960 et
479 1918 607 1962 castarum
630 1915 731 1962 turham
753 1927 805 1961 essa
826 1926 911 1961 omnes

360 1990 479 2039 convivas
496 1991 570 2050 alios,
592 1999 672 2041 totum
692 1993 846 2050 convivium,
868 2006 911 2041 ex-

360 2071 437 2133 ceptis
461 2071 598 2121 Nasidienc
622 2080 647 2120 et
673 2073 839 2121 Nomentano.
877 2072 912 2120 Et

360 2164 405 2197 cur
427 2165 488 2212 opus
505 2157 559 2199 erat
578 2152 711 2214 interprete
739 2153 912 2200 Nomentano?

361 2230 420 2292 quia
436 2230 572 2278 coenabant
588 2245 655 2288 aves,
672 2231 809 2293 conchylia,
825 2231 911 2293 pisces,

362 2309 469 2357 celantia
489 2324 589 2357 succum
611 2317 671 2358 noto
688 2309 840 2358 dissimilem.
874 2311 912 2359 At

361 2386 435 2435 herus
464 2396 489 2437 et
513 2388 686 2436 Nomentanus
714 2389 800 2437 eadem
825 2402 911 2436 coena-

362 2467 435 2516 bant:
453 2468 479 2515 in
495 2482 524 2516 eo
535 2468 611 2529 igitur
633 2482 717 2516 omnes
740 2474 811 2516 erant
827 2483 911 2530 pares,

363 2561 443 2610 neque
453 2547 637 2594 desiderabatur
647 2547 793 2609 explicatio,
809 2548 857 2596 'riisi
867 2562 912 2596 cur

364 2641 388 2673 v.
405 2639 425 2673 c.
443 2627 496 2674 cca
512 2625 556 2672 illa
572 2625 663 2674 celaret
679 2640 780 2674 succum
792 2633 852 2675 noto
863 2627 912 2674 dis-

365 2704 484 2762 similem,
501 2704 560 2766 quid
577 2703 668 2752 faceret
679 2704 912 2753 dissimilitudinem.

364 2785 452 2832 Tenue
468 2784 613 2842 discrimen,
634 2798 715 2847 neque
731 2783 845 2846 indigens
868 2799 913 2833 rios

363 2864 474 2926 inquam.
525 2862 592 2924 Quid
617 2869 700 2910 autem
722 2863 852 2926 conchylia
877 2879 913 2914 ce-

364 2944 448 2992 lantia
458 2958 558 2992 succum
569 2945 716 2992 dissimilem
727 2943 805 2992 uoto?
830 2942 912 2991 Acro:

365 3023 506 3081 ‚‚celautia‚
530 3022 597 3069 intra
621 3036 649 3070 se
672 3022 846 3070 continentiar‘
880 3023 915 3070 Et

364 3099 412 3158 sic,
430 3101 516 3159 credo,
532 3115 618 3149 omnes
629 3101 697 3149 taciti
710 3102 840 3164 accipiunt.
866 3102 914 3151 Re-

365 3185 434 3227 ctene
466 3179 501 3227 ita
531 3180 620 3227 dicitur
645 3183 741 3230 celare?
784 3182 915 3244 Quomodo

366 3265 450 3308 autem
462 3262 540 3317 celat,
557 3260 624 3322 quod
638 3267 766 3322 gustatum
777 3263 862 3309 statim
874 3278 916 3323 ap·

366 3344 435 3400 paret
452 3352 505 3386 esse
522 3337 639 3386 dissimile
656 3346 715 3387 noto
730 3341 827 3402 sapori?
849 3339 915 3400 Quid

366 3420 441 3466 uoto?
467 3419 555 3475 ¹Acro:
579 3424 661 3478 „rota
684 3418 709 3465 id
732 3426 780 3475 est,
803 3419 916 3467 omnibus

366 3496 470 3554 usitato,
495 3496 537 3545 rel
559 3503 629 3554 noto,
651 3512 724 3560 quem
745 3499 916 3547 Nomentanus

367 3583 392 3623 et
407 3575 557 3624 Nasidienus
574 3584 708 3631 noverant,
727 3583 770 3623 aut
787 3591 917 3640 quemego

367 3662 452 3718 postea
461 3647 591 3718 cogitavi.“
607 3653 686 3704 Vides
697 3655 824 3704 Aaronem
834 3657 916 3719 ipsum

367 3749 418 3783 non
441 3734 587 3798 intelligere.
619 3735 698 3783 Totus
722 3734 791 3783 locus
816 3736 916 3784 omnino

368 3813 475 3862 difficilis
492 3813 618 3862 intellectu
636 3820 685 3873 est,
706 3815 810 3863 fortasse
829 3815 864 3863 sic
880 3815 916 3864 le-

368 3893 475 3955 gendos:
494 3895 563 3942 Nam
574 3899 675 3944 caetera
686 3896 770 3953 turba,
788 3896 841 3943 Nos
853 3900 916 3943 tam-

367 3988 444 4034 quam
461 3988 591 4021 coenamus
608 3988 664 4021 aves
680 3975 808 4034 conchylia
824 3975 916 4036 pisces,

368 4051 453 4113 Loaqe
462 4052 581 4099 dusimili
591 4058 678 4100 nolum
689 4054 799 4101 celantia
807 4067 916 4102 succum.

369 4127 476 4178 Caetera
491 4129 577 4188 turba,
594 4145 639 4179 nos
650 4145 797 4189 coenamus3
813 4131 853 4180 hic
864 4147 916 4182 cae-

370 4214 426 4257 tera
443 4211 519 4256 larba
540 4207 590 4257 fere
609 4215 646 4256 est
662 4211 831 4259 nominativus
848 4211 917 4260 abso·

369 4286 452 4335 lutus:
469 4301 515 4334 nos
532 4300 663 4334 coenamus
680 4287 817 4349 conchylia,
831 4289 917 4351 pisces,

370 4372 496 4428 tamquam
514 4380 583 4424 aves,
605 4371 731 4428 tamquam
749 4374 830 4416 essent
845 4382 917 4425 aves,

371 4447 406 4493 ita
416 4445 546 4508 conchylia
556 4453 581 4493 et
591 4446 669 4507 pisces
679 4460 730 4493 non
742 4447 815 4495 modo
826 4446 916 4509 figura,

371 4525 414 4572 sed
431 4526 505 4573 etiam
525 4538 611 4588 sapore
625 4531 721 4573 mutata
731 4532 802 4573 erant
813 4526 839 4573 in
850 4541 917 4586 aves,

372 4608 399 4648 ut
416 4616 446 4651 ea
461 4617 506 4664 pro
521 4603 608 4651 avibus
628 4604 762 4652 ederemus.
797 4603 918 4653 Celabant

371 4687 454 4728 autem
470 4689 556 4732 notum
573 4698 673 4731 succum
690 4698 761 4732 succo
778 4684 853 4747 longe
870 4685 918 4734 dis·
937 4720 939 4740 .

951 1516 1038 1574 simili,
1060 1517 1102 1581 qui
1121 1516 1195 1580 longe
1213 1516 1339 1567 dissimilis
1356 1526 1410 1567 erat
1426 1534 1499 1569 succo

951 1595 1059 1643 naturali
1075 1597 1178 1658 piscium
1196 1603 1219 1644 et
1234 1597 1429 1661 conchyliorum.
1455 1602 1497 1650 In·

952 1676 1054 1738 genium
1076 1682 1100 1724 et
1121 1690 1161 1724 ars
1182 1690 1296 1724 cocorum
1318 1684 1370 1726 tam
1387 1681 1458 1728 docta
1474 1688 1500 1729 et

951 1755 1051 1818 elegans
1073 1756 1174 1803 discitur
1195 1770 1227 1803 ex
1248 1754 1373 1806 Petronio.
1411 1758 1499 1809 Petro-

951 1835 1007 1881 nius
1025 1835 1064 1883 69.
1088 1837 1171 1895 Nam,
1190 1851 1247 1884 aum
1260 1837 1359 1897 positus
1374 1844 1451 1897 esset,
1469 1846 1500 1888 ul

951 1928 995 1962 rias
1004 1917 1172 1977 putabamus,
1190 1929 1266 1963 ansa·
1277 1912 1368 1974 altilis,
1384 1917 1501 1979 circaque

950 1993 1034 2052 pisces
1049 1998 1074 2040 et
1085 1994 1195 2041 omnium
1206 2008 1296 2054 qaaere
1307 1995 1404 2050 coium,
1416 1995 1501 2056 idquit

956 2072 1123 2121 Trimalchio:
1141 2073 1264 2135 quidquid
1279 2074 1370 2120 videtis
1382 2074 1423 2121 liic
1431 2073 1500 2134 posi·

953 2155 1019 2206 tuni,
1037 2152 1067 2199 de
1083 2166 1133 2198 uno
1150 2167 1252 2214 corpore
1268 2152 1424 2213 estfactum.
1445 2151 1500 2200 An-

953 2243 1004 2285 ser,
1029 2228 1218 2291 piscesfaves,
1243 2231 1325 2278 omnia
1344 2230 1409 2278 facta
1431 2235 1502 2279 erant

953 2322 985 2356 ex
1006 2322 1056 2356 uno
1078 2323 1179 2371 corpore
1196 2309 1260 2369 suis,
1277 2317 1305 2359 ut
1321 2311 1458 2373 explicatur
1474 2311 1501 2358 in

953 2388 1031 2450 capite
1057 2402 1092 2450 sq.
1114 2387 1155 2438 70.
1195 2390 1243 2436 Ita
1268 2405 1393 2446 crescam,
1416 2391 1501 2451 palri-

953 2469 1034 2516 moaio
1050 2483 1100 2515 aon
1117 2483 1230 2530 corpore,
1248 2475 1277 2517 ut
1288 2471 1340 2517 ista
1351 2483 1422 2519 cocus
1433 2483 1502 2517 meus

953 2547 983 2593 de
1001 2560 1077 2606 porco
1092 2545 1165 2608 fecit.
1202 2549 1260 2595 Noa
1280 2553 1363 2608 polest
1380 2561 1430 2596 esse
1444 2563 1501 2610 pre·

954 2625 1041 2671 tiosior
1063 2626 1141 2673 barrio.
1173 2626 1298 2682 Vulneris,
1321 2628 1351 2673 de
1369 2627 1444 2674 vulva
1454 2625 1500 2688 sa-

953 2703 1000 2749 ciet
1019 2703 1124 2763 piscem,
1146 2705 1176 2751 de
1197 2705 1270 2752 lardo
1287 2706 1449 2765 pululabant,
1471 2707 1501 2752 de

952 2796 1034 2842 perna
1052 2786 1191 2839 turturem,
1209 2785 1239 2831 de
1254 2784 1360 2844 coliphia
1371 2784 1501 2845 pullicum.

954 2860 994 2908 Ita
1020 2873 1091 2907 cocus
1115 2861 1244 2909 Nasidieni
1269 2860 1360 2909 fecerat
1385 2875 1443 2909 aves
1469 2875 1502 2909 ex

954 2937 1060 3001 piscibus
1082 2945 1106 2987 et
1127 2939 1275 3004 conchyliis,
1299 2954 1432 3003 eorumque
1448 2955 1502 2989 suc·

955 3033 1011 3066 cum
1037 3018 1150 3067 dissimili
1174 3020 1296 3083 piscibus,
1322 3019 1395 3082 plane
1426 3020 1503 3069 simili

956 3098 1042 3146 miuus
1060 3098 1189 3149 celaverat.
1213 3100 1334 3149 Horatius
1346 3099 1451 3148 scribere
1461 3113 1503 3162 pc·

956 3176 1055 3225 luisset:
1084 3180 1139 3227 Nos
1155 3195 1285 3228 coenarnus
1303 3195 1359 3228 aces
1376 3185 1505 3243 tanlquam

957 3258 1099 3319 conchylia,
1120 3260 1214 3320 pisces:
1240 3261 1293 3308 Nos
1310 3265 1439 3321 tamquam
1455 3274 1505 3309 coe·

957 3352 1047 3385 namus
1062 3352 1120 3385 aces
1135 3339 1267 3400 conchylia
1286 3341 1363 3406 pisces
1372 3338 1461 3386 dicitur
1472 3353 1505 3388 ex

957 3416 1144 3475 consuetudine,
1158 3432 1208 3478 qua
1219 3417 1295 3464 verba
1306 3417 1416 3466 traiicere
1428 3425 1503 3476 amat,

956 3503 985 3543 ut
1009 3495 1069 3543 ordo
1093 3510 1190 3558 quoque
1215 3495 1308 3561 aliquid
1333 3497 1420 3559 poetici
1441 3497 1504 3545 colo-

957 3576 990 3623 ris
1008 3575 1161 3622 sermonibus
1178 3575 1286 3624 adderet.

988 3653 1126 3702 Doderlino
1148 3654 1197 3702 duo
1219 3668 1305 3702 versus
1322 3661 1374 3701 tam
1391 3652 1504 3703 difficiles

956 3732 1003 3780 visi
1028 3741 1099 3792 sunt,
1125 3741 1153 3782 ut
1177 3749 1256 3781 unum
1277 3734 1398 3782 excidisse
1420 3741 1504 3796 putet,

957 3827 1007 3875 quo
1024 3810 1154 3862 discrimen
1171 3814 1235 3861 inter
1251 3821 1387 3877 utrumque
1403 3814 1451 3862 cibi
1464 3829 1505 3878 ge·

956 3906 1002 3939 nus
1020 3891 1183 3952 significetur,
1200 3908 1224 3941 r.
1236 3908 1257 3941 c.
1274 3894 1405 3954 Inqersitos
1420 3895 1507 3955 iqnari

956 3972 1071 4032 expulsos
1100 3977 1157 4021 arte
1188 3985 1307 4033 sapores,
1333 3970 1372 4020 vel
1399 3973 1507 4021 Netinos
1582 4005 1584 4009 ι

956 4052 1041 4112 rqcari
1056 4052 1173 4112 expulsos
1190 4057 1248 4098 arte
1265 4065 1374 4113 sapores.
1408 4050 1507 4099 Deinde

956 4127 1037 4176 locum
1062 4142 1162 4191 prorsus
1184 4129 1269 4176 eodem
1290 4130 1364 4178 modo
1386 4130 1507 4193 explicat,

958 4223 1007 4272 quc
1031 4222 1077 4270 ego
1102 4207 1164 4267 feci,
1191 4222 1250 4256 usus
1273 4223 1371 4271 quoque
1395 4209 1507 4258 Petronii

957 4286 1070 4350 exemplo
1080 4305 1090 4349 ;Ι
1105 4289 1237 4335 Daedalus
1253 4303 1323 4336 cocus
1340 4291 1370 4337 de
1383 4289 1507 4352 baltasa-

957 4369 1005 4416 ciet
1017 4367 1110 4428 piscem
1127 4380 1162 4428 sq.
1195 4365 1343 4428 Ignorantia
1359 4366 1453 4425 turbae,
1466 4367 1507 4414 ad-

957 4446 1006 4504 dit,
1022 4444 1106 4493 statim
1117 4451 1231 4507 apparet,
1246 4459 1323 4507 quum
1335 4447 1508 4495 Nomentanus

957 4523 1089 4573 Fundanio
1113 4529 1259 4584 porrexerat
1291 4523 1333 4571 ilia
1362 4524 1460 4573 rhombi
1485 4533 1509 4576 et

957 4602 1076 4666 passeris,
1086 4617 1160 4664 quem
1171 4602 1253 4651 cibum
1267 4602 1307 4650 hic
1318 4618 1362 4666 pro
1373 4603 1447 4667 longe
1459 4605 1509 4655 alio

959 4681 1077 4740 habebat,
1095 4696 1171 4744 quarn
1188 4688 1247 4729 erat.
