3750 5759
357 681 421 742 llo
750 673 1101 739 SA'l'lllARlll'l

399 868 506 932 Iratus
532 865 611 948 tibi,
642 864 729 949 quod
752 864 821 928 vini
846 863 1017 948 somnique
1037 862 1200 947 benignus

400 970 458 1034 Nil
482 968 621 1054 dignum
647 988 796 1033 sermone
819 988 937 1049 canas,
965 966 1044 1051 quid
1063 967 1142 1032 fiet?
1187 965 1241 1031 Ab
1264 965 1347 1050 ipsis

401 1071 630 1139 Saturnalibus
651 1071 715 1135 huo
736 1069 863 1154 fugisti.
914 1070 1051 1135 Sobrius
1071 1092 1147 1156 ergo

401 1175 463 1241 Dic
486 1174 612 1260 aliquid
636 1174 775 1259 dignum
798 1173 984 1258 promissis!
1033 1173 1160 1258 Incipe!
1207 1173 1265 1238 Nil
1288 1174 1364 1238 est?

400 1279 584 1365 Oulpantur
606 1278 728 1342 frustra
752 1277 888 1359 calami,
916 1277 1167 1362 immeritusque
1189 1277 1319 1342 laborat

401 1383 499 1448 Iratis
523 1387 620 1447 natus
644 1381 750 1467 paries
775 1381 826 1445 dis
851 1385 950 1465 atque
974 1381 1090 1466 poetis.

399 1486 503 1572 Atqui
526 1486 638 1550 vultus
662 1489 731 1550 erat
753 1485 860 1549 multa
882 1488 916 1548 ct
938 1485 1105 1569 praeclara
1128 1483 1289 1549 minantis
1301 1532 1310 1567 ,

401 1589 436 1654 Si
459 1611 599 1655 vacuum
622 1588 733 1673 tepido
757 1588 897 1673 cepisset
919 1588 1039 1653 villula
1061 1595 1158 1654 tecto.
1218 1655 1220 1659 ,

401 1692 564 1773 Quorsum
587 1693 748 1779 pertinuit
772 1691 893 1776 stipare
918 1693 1060 1757 Platona
1083 1691 1282 1774 Menandro,

400 1796 561 1882 Eupolin,
585 1795 834 1878 Archilochum,
859 1796 995 1861 comites
1021 1797 1155 1862 educere
1179 1797 1314 1861 tantos?

401 1900 567 1965 Invidiam
590 1900 718 1985 placare
741 1922 852 1985 paras,
877 1900 1000 1966 virtute
1024 1900 1159 1966 relicta?

356 2082 448 2131 poscas.
475 2067 642 2129 Damasippus
660 2067 794 2115 Horatium
811 2066 903 2130 alloqui
941 2069 1024 2129 polin,
1048 2068 1228 2117 Archilochum
1255 2067 1355 2115 cornites
1383 2065 1506 2119 eonem,

356 2148 454 2196 ridetur
472 2146 530 2210 ipsis
548 2147 645 2206 verbis,
668 2146 757 2211 quibus
774 2161 832 2194 eum
849 2161 902 2194 csse
943 2147 1010 2210 quid,
1021 2153 1049 2195 tu
1060 2149 1190 2195 Invidiam
1197 2148 1301 2209 placare
1311 2158 1348 2208 sq.
1356 2142 1505 2194 Contentus

355 2241 429 2276 usum
455 2227 595 2285 audiverat,
617 2241 673 2275 curn
695 2227 813 2276 desidiam
831 2240 901 2275 suam
943 2234 1028 2274 tamen
1044 2226 1090 2274 erit
1113 2225 1216 2288 vulgata
1231 2225 1344 2274 lectione.
1372 2223 1505 2287 Equidem

356 2309 408 2369 ipse
426 2307 601 2355 detestabatur.
944 2320 995 2353 non
1027 2307 1099 2355 video
1123 2320 1166 2354 cur
1189 2307 1262 2369 poeta
1283 2319 1299 2352 a
1314 2302 1505 2352 constructione

388 2385 538 2435 Doderlinus
556 2402 612 2435 curn
630 2386 757 2435 Meinckio
771 2383 903 2432 volebatsi
944 2387 1040 2448 incepta
1067 2386 1224 2434 discessisset.
1258 2384 1308 2446 Qui
1331 2382 1432 2446 scripsit
1453 2385 1504 2431 sti·

356 2480 416 2514 raro
428 2467 524 2515 senon.
943 2482 1007 2528 parc
1030 2467 1141 2515 Platona
1159 2467 1315 2521 Menandro,
1332 2462 1504 2522 continuavit,

390 2547 475 2594 Iratis
495 2552 573 2593 natas
593 2544 736 2607 pariendis
757 2549 832 2605 atque
847 2543 903 2605 po'e'·
944 2554 1017 2609 puto,
1035 2546 1150 2608 Eupolis
1168 2541 1385 2602 Archilocho,ch
1405 2541 1505 2605 potina

357 2627 398 2674 tis.
415 2625 498 2674 Plaut.
515 2624 629 2687 Amphit.
646 2624 668 2671 I.
684 2638 702 2671 1.
718 2623 773 2671 168.
789 2626 902 2686 pastinat
946 2627 1071 2686 Eupolidi
1097 2624 1285 2672 Archilochum.
1325 2622 1352 2673 Si
1379 2624 1503 2685 Eupolin

354 2707 511 2769 pupntniihi.
522 2704 575 2754 Sos.
594 2706 663 2753 Stin
680 2719 717 2752 me
733 2704 902 2761 exerciturus,
945 2703 1123 2754 Archilochum
1140 2701 1250 2765 scripsit,
1267 2700 1428 2764 praemisisse
1445 2715 1504 2758 cre·

356 2801 446 2849 quaeso
462 2791 493 2834 ut
509 2788 536 2833 in
551 2786 679 2850 parictem
690 2785 902 2846 primurndomes.
944 2784 1002 2832 dam
1020 2785 1149 2845 Platona,
1171 2783 1353 2831 Menandrum.
1383 2780 1504 2832 Comites

392 2868 523 2924 Quorsum¹
534 2866 661 2927 pertinuit
677 2865 772 2925 stipare
790 2864 903 2909 Platona
921 2890 924 2919 4
944 2871 1003 2912 sunt
1028 2876 1113 2912 omncs
1139 2867 1258 2926 quatuor,
1287 2861 1351 2908 tanti
1379 2861 1504 2921 comites,

356 2947 515 2994 Menandro?
540 2943 628 3006 Vulgo
645 2942 778 2990 Platonem
797 2940 903 3002 philoso·
921 2924 924 3023 i
944 2951 995 2993 tam
1020 2943 1148 3006 praeclari.
1184 2941 1234 2991 Sed
1256 2942 1281 2989 in
1302 2943 1408 2990 educere
1424 2944 1504 2990 corni·

356 3025 433 3088 phum
456 3024 573 3086 cogitant.
598 3022 633 3070 Et
657 3022 777 3069 Horatius
803 3021 902 3067 chartas
921 3028 924 3097 4
943 3028 977 3072 tes
994 3023 1107 3072 desidero
1123 3020 1245 3085 copulam.
1279 3020 1398 3068 Fortasse
1410 3018 1504 3083 legen-

356 3103 501 3161 Socraticas,
509 3102 623 3150 Platonis
631 3100 786 3163 praesertim,
794 3100 903 3146 studiose
921 3110 923 3167 4
944 3104 1017 3151 dum:
1038 3104 1166 3160 Quorsum
1174 3102 1304 3164 pertinuit
1314 3101 1417 3162 stipare
1433 3102 1504 3149 Pla-

355 3183 460 3246 legebat.
494 3182 525 3229 In
552 3180 626 3230 Satir.
652 3180 688 3228 ΙΙ.
715 3193 752 3226 rv.
770 3181 794 3228 3.
819 3178 903 3240 iungit
921 3200 924 3254 4
945 3179 1505 3241 tonaMennndro,EupolidiArchilochum,

357 3261 537 3324 Pythagoram,
550 3260 677 3311 Socratem
694 3266 718 3307 et
731 3260 831 3308 doctum
840 3257 902 3306 Pla·
921 3264 923 3342 4
943 3265 1043 3312 roitcher
1065 3267 1090 3309 et
1101 3263 1199 3309 'dacae
1217 3259 1324 3308 tantos?
1350 3256 1504 3321 Stipaverat

356 3348 444 3392 tonent
477 3342 561 3397 Recte,
585 3347 610 3387 et
635 3342 735 3387 doctum
757 3337 903 3399 Platonem,
921 3361 923 3375 ·
943 3341 1018 3390 libros
1035 3347 1154 3405 quatuor,
1176 3339 1336 3390 comicorum
1358 3344 1383 3387 et
1400 3338 1502 3388 mohi-

356 3423 403 3470 hoc
419 3427 456 3470 cst
472 3420 652 3484 philosophum.
678 3418 715 3467 At
734 3419 850 3467 Plateia
863 3433 902 3466 oo·
942 3422 1020 3479 lathi,
1046 3421 1073 3469 in
1097 3421 1210 3484 capsula,
1236 3427 1264 3469 nt
1289 3418 1381 3469 caum.
1409 3416 1503 3469 Oarm.

355 3502 445 3550 mitam
457 3499 598 3557 Menandri,
607 3497 746 3560 Eupolidis,
757 3498 902 3546 Archilochi
944 3502 1045 3551 LXVI.
1076 3502 1145 3549 Nam
1170 3502 1235 3564 quod
1265 3501 1422 3562 scriptorum
1447 3513 1504 3547 nen

356 3582 528 3630 verosimiliter
544 3588 582 3629 est
599 3579 722 3629 Comicus.
755 3578 826 3626 Idem
848 3592 902 3625 sen·
945 3584 1027 3630 „tulta
1044 3585 1081 3628 ert
1109 3581 1180 3642 copia
1205 3582 1276 3642 apud
1292 3594 1330 3628 pre
1367 3579 1427 3626 Hoc
1444 3583 1503 3636 eet,

355 3661 431 3710 tiebat
448 3662 559 3717 Estrcus
576 3665 608 3716 et,
625 3664 653 3704 ut
669 3663 754 3718 postea
765 3655 836 3713 vidit,
853 3657 902 3704 iam
944 3663 1010 3724 quod
1042 3661 1140 3709 Romae
1168 3661 1283 3709 viclinas.
1324 3661 1385 3708 Huc
1411 3673 1502 3708 unae

356 3748 430 3789 antea
454 3740 591 3797 Dacerius3
619 3745 655 3793 ct,
678 3742 706 3783 ut
728 3751 794 3783 nunc
817 3735 902 3792 video,
920 3778 923 3809 4
944 3741 1033 3788 multis
1051 3741 1157 3802 capsula
1174 3756 1212 3787 me
1228 3741 1348 3802 sequdur.
1370 3737 1501 3787 Horatius

356 3822 406 3868 iam
423 3826 481 3867 ante
498 3819 565 3866 huno
580 3817 614 3864 D.
631 3814 758 3864 Heinsius.
921 3825 924 3889 4
945 3819 1091 3882 plerumque
1099 3818 1179 3866 utitur
1185 3820 1400 3868 ducerecomitem.
1409 3818 1500 3868 Plaut.

389 3902 512 3962 Eupolis,
531 3898 716 3955 Archilochum,
733 3896 833 3943 concites
844 3896 902 3943 edu-
921 3908 923 3954 j
944 3897 1059 3962 Amphit.
1069 3898 1203 3946 111.11.49.
1215 3899 1370 3962 lboeponret,
1379 3899 1501 3947 concitem

356 3992 411 4027 cere
428 3976 535 4025 tantos?
559 3976 591 4024 In
609 3973 816 4036 CodReginensi
840 3975 902 4021 Pla·
921 3970 923 4003 ¹
945 3979 1104 4026 Pudicitiam
1111 3979 1215 4026 ducere.
1226 3977 1280 4025 Hos
1289 3977 1501 4041 nuncincapsula

357 4065 417 4106 tono
435 4057 588 4116 Menandro,
606 4056 719 4117 Eupolin
731 4052 903 4101 Archilocho?
921 4014 923 4127 i
944 4057 1093 4120 stipaverat,
1111 4064 1135 4105 et
1152 4057 1254 4119 stipatos
1271 4071 1356 4106 secum
1379 4057 1499 4108 duent.

356 4140 457 4187 cornites
474 4138 576 4186 educere
593 4133 699 4184 tantos?
712 4182 720 4193 ,¹
731 4134 828 4196 Nempe
848 4143 901 4180 tan-
921 4138 924 4217 4
977 4138 1108 4187 invidiam
1122 4137 1230 4196 placare
1244 4151 1324 4199 paras
1343 4137 1442 4185 uirtute
1457 4153 1499 4187 re-

356 4225 394 4266 108
410 4217 519 4275 (tillicto,
540 4223 577 4264 ῖθῐ
591 4229 620 4263 ‘²⁰
635 4217 710 4262 tantis
721 4212 902 4271 voluminibus,
922 4224 923 4231 ’
945 4218 1026 4269 licta?
1051 4217 1139 4264 Virtus
1157 4215 1256 4263 Horatii
1274 4216 1300 4262 in
1319 4215 1498 4277 componendis

356 4305 384 4345 ut
401 4305 496 4346 veteres
515 4296 678 4355 scholiastae,
693 4298 758 4361 quod
775 4294 902 4345 Bentleius
922 4292 924 4322 ²
943 4306 1013 4346 tanta
1029 4311 1086 4344 cum
1102 4293 1217 4343 libertate
1234 4293 1323 4344 Satiris
1338 4293 1498 4343 cernebatur.

357 4387 489 4426 venustum
515 4385 593 4426 vocat.
635 4378 687 4427 Pro
713 4383 797 4426 tantos
821 4376 902 4426 Schol.
921 4364 924 4429 l
944 4380 1010 4429 Hinc
1026 4377 1070 4426 sibi
1087 4376 1205 4425 invidiam
1222 4375 1391 4424 contrahebat.
1419 4374 1499 4423 Hanc

357 4456 438 4504 Persii
453 4458 520 4505 dedit
537 4460 597 4520 quin
617 4463 654 4505 tu.
688 4457 754 4504 Hinc
773 4471 806 4504 cx
823 4455 902 4504 conie-
921 4432 924 4557 4
944 4466 972 4506 ut
989 4458 1081 4521 places,
1100 4456 1179 4504 rarius
1202 4463 1276 4519 atque
1293 4455 1373 4503 rarius
1391 4454 1497 4505 scribis?

356 4543 427 4583 ctura
444 4536 571 4599 Rutgersii
587 4546 668 4585 totum
692 4537 774 4585 locum
796 4536 831 4584 sic
846 4551 902 4584 oon-
944 4545 1017 4599 rogat
1034 4537 1209 4600 Damasippus.
1231 4535 1350 4585 Horatius
1366 4535 1431 4584 adeo
1441 4550 1496 4585 non

356 4616 452 4664 cinnari
463 4631 535 4679 posse
545 4618 690 4666 arbitratur:
711 4618 838 4675 Quorsum
846 4632 902 4678 per·
921 4566 924 4667 i
944 4618 980 4665 ita
992 4619 1104 4679 parabat
1119 4619 1231 4679 placore,
1248 4617 1292 4665 sed
1303 4616 1353 4664 iam
1364 4616 1497 4678 placabat,

356 4697 436 4744 tinuit
446 4697 543 4758 stipare
554 4698 663 4746 Platona
674 4696 834 4745 Menandro?
847 4698 901 4744 Eu·
921 4670 924 4747 i
946 4702 973 4743 ut
991 4697 1089 4759 quidem
1107 4695 1261 4758 opinabatur.
1296 4695 1496 4756 negotiamur
