<?xml version="1.0" encoding="UTF-8"?>
<!DOCTYPE html PUBLIC "-//W3C//DTD XHTML 1.0 Transitional//EN"
    "http://www.w3.org/TR/xhtml1/DTD/xhtml1-transitional.dtd">
<html xmlns="http://www.w3.org/1999/xhtml" xml:lang="en" lang="en">
 <head>
  <title>
</title>
<meta http-equiv="Content-Type" content="text/html;charset=utf-8" />
  <meta name='ocr-system' content='tesseract 3.04.00' />
  <meta name='ocr-capabilities' content='ocr_page ocr_carea ocr_par ocr_line ocrx_word'/>
</head>
<body>
  <div class='ocr_page' id='page_1' title='image "./qhoratiiflaccis00peergoog_0211.png"; bbox 0 0 3750 5759; ppageno 0'>
   <div class='ocr_carea' id='block_1_1' title="bbox 754 686 1453 754">
    <p class='ocr_par' dir='ltr' id='par_1_1' title="bbox 754 686 1453 754">
     <span class='ocr_line' id='line_1_1' title="bbox 754 686 1453 754; baseline -0.004 -2"><span class='ocrx_word' id='word_1_1' title='bbox 754 690 799 754; x_wconf 89' lang='grc' dir='ltr'><strong>ΙΙ.</strong></span> <span class='ocrx_word' id='word_1_2' title='bbox 846 707 972 754; x_wconf 74' lang='lat' dir='ltr'><strong>sauma</strong></span> <span class='ocrx_word' id='word_1_3' title='bbox 995 708 1032 752; x_wconf 88' lang='lat'><strong>11.</strong></span> <span class='ocrx_word' id='word_1_4' title='bbox 1072 695 1073 698; x_wconf 75' lang='grc'>’</span> <span class='ocrx_word' id='word_1_5' title='bbox 1136 686 1161 721; x_wconf 84' lang='grc'><em>”</em></span> <span class='ocrx_word' id='word_1_6' title='bbox 1392 689 1453 752; x_wconf 85' lang='grc'><strong>187</strong></span> 
     </span>
    </p>
   </div>
   <div class='ocr_carea' id='block_1_2' title="bbox 327 872 1457 1023">
    <p class='ocr_par' dir='ltr' id='par_1_2' title="bbox 327 872 1457 1023">
     <span class='ocr_line' id='line_1_2' title="bbox 327 872 1457 941; baseline -0.007 -11"><span class='ocrx_word' id='word_1_7' title='bbox 327 881 415 930; x_wconf 88' lang='lat' dir='ltr'><strong>dicitnr</strong></span> <span class='ocrx_word' id='word_1_8' title='bbox 431 885 556 929; x_wconf 75' lang='lat' dir='ltr'><strong>castouc.</strong></span> <span class='ocrx_word' id='word_1_9' title='bbox 589 878 673 941; x_wconf 82' lang='lat' dir='ltr'><strong>Magis</strong></span> <span class='ocrx_word' id='word_1_10' title='bbox 689 876 831 927; x_wconf 86' lang='lat' dir='ltr'><strong>conveniret</strong></span> <span class='ocrx_word' id='word_1_11' title='bbox 846 875 948 925; x_wconf 87' lang='lat' dir='ltr'><strong>militiae</strong></span> <span class='ocrx_word' id='word_1_12' title='bbox 965 875 1099 925; x_wconf 85' lang='lat' dir='ltr'><strong>Romanae.</strong></span> <span class='ocrx_word' id='word_1_13' title='bbox 1132 874 1167 923; x_wconf 79' lang='lat' dir='ltr'><strong>iit</strong></span> <span class='ocrx_word' id='word_1_14' title='bbox 1188 885 1233 920; x_wconf 89' lang='lat' dir='ltr'><strong>our</strong></span> <span class='ocrx_word' id='word_1_15' title='bbox 1254 872 1372 922; x_wconf 88' lang='lat' dir='ltr'><strong>Horatius</strong></span> <span class='ocrx_word' id='word_1_16' title='bbox 1383 873 1457 922; x_wconf 80' lang='lat' dir='ltr'><strong>addi·</strong></span> 
     </span>
     <span class='ocr_line' id='line_1_3' title="bbox 327 951 1457 1023; baseline -0.006 -14"><span class='ocrx_word' id='word_1_17' title='bbox 327 961 403 1009; x_wconf 87' lang='lat' dir='ltr'><strong>disset</strong></span> <span class='ocrx_word' id='word_1_18' title='bbox 417 964 475 1023; x_wconf 79' lang='lat' dir='ltr'><strong>peto</strong></span> <span class='ocrx_word' id='word_1_19' title='bbox 490 957 573 1008; x_wconf 67' lang='lat' dir='ltr'><strong>airam</strong></span> <span class='ocrx_word' id='word_1_20' title='bbox 588 956 676 1007; x_wconf 76' lang='lat' dir='ltr'><strong>diaco?</strong></span> <span class='ocrx_word' id='word_1_21' title='bbox 705 955 766 1005; x_wconf 87' lang='lat' dir='ltr'><strong>Pila</strong></span> <span class='ocrx_word' id='word_1_22' title='bbox 782 954 863 1003; x_wconf 85' lang='lat' dir='ltr'><strong>simile</strong></span> <span class='ocrx_word' id='word_1_23' title='bbox 883 955 1078 1003; x_wconf 84' lang='lat' dir='ltr'><strong>additamentum</strong></span> <span class='ocrx_word' id='word_1_24' title='bbox 1099 951 1185 1015; x_wconf 90' lang='lat' dir='ltr'><strong>poscit.</strong></span> <span class='ocrx_word' id='word_1_25' title='bbox 1219 952 1254 1002; x_wconf 74' lang='lat' dir='ltr'><strong>Et</strong></span> <span class='ocrx_word' id='word_1_26' title='bbox 1275 967 1352 1016; x_wconf 88' lang='lat' dir='ltr'><strong>quum</strong></span> <span class='ocrx_word' id='word_1_27' title='bbox 1374 954 1457 1002; x_wconf 72' lang='grc'><strong>11111111</strong></span> 
     </span>
    </p>
   </div>
   <div class='ocr_carea' id='block_1_3' title="bbox 319 1032 1469 4782">
    <p class='ocr_par' dir='ltr' id='par_1_3' title="bbox 319 1032 1458 1266">
     <span class='ocr_line' id='line_1_4' title="bbox 327 1032 1458 1103; baseline -0.004 -16"><span class='ocrx_word' id='word_1_28' title='bbox 327 1039 360 1088; x_wconf 89' lang='lat' dir='ltr'><strong>sit</strong></span> <span class='ocrx_word' id='word_1_29' title='bbox 375 1038 446 1103; x_wconf 88' lang='lat' dir='ltr'><strong>quasi</strong></span> <span class='ocrx_word' id='word_1_30' title='bbox 462 1037 553 1097; x_wconf 87' lang='lat' dir='ltr'><strong>telum,</strong></span> <span class='ocrx_word' id='word_1_31' title='bbox 570 1051 619 1100; x_wconf 91' lang='lat' dir='ltr'><strong>quo</strong></span> <span class='ocrx_word' id='word_1_32' title='bbox 634 1037 678 1085; x_wconf 74' lang='lat' dir='ltr'><strong>air</strong></span> <span class='ocrx_word' id='word_1_33' title='bbox 694 1037 799 1100; x_wconf 88' lang='lat' dir='ltr'><strong>petitur,</strong></span> <span class='ocrx_word' id='word_1_34' title='bbox 816 1036 858 1083; x_wconf 78' lang='lat' dir='ltr'><strong>air</strong></span> <span class='ocrx_word' id='word_1_35' title='bbox 874 1036 942 1084; x_wconf 80' lang='lat' dir='ltr'><strong>disco</strong></span> <span class='ocrx_word' id='word_1_36' title='bbox 958 1036 1043 1084; x_wconf 78' lang='lat' dir='ltr'><strong><em>cedere</em></strong></span> <span class='ocrx_word' id='word_1_37' title='bbox 1058 1047 1108 1082; x_wconf 90' lang='lat' dir='ltr'><strong>non</strong></span> <span class='ocrx_word' id='word_1_38' title='bbox 1124 1039 1189 1082; x_wconf 87' lang='lat' dir='ltr'><strong>recte</strong></span> <span class='ocrx_word' id='word_1_39' title='bbox 1204 1032 1336 1096; x_wconf 80' lang='lat' dir='ltr'><strong>cogitatur.</strong></span> <span class='ocrx_word' id='word_1_40' title='bbox 1362 1033 1395 1082; x_wconf 94' lang='lat' dir='ltr'><strong>In</strong></span> <span class='ocrx_word' id='word_1_41' title='bbox 1409 1034 1458 1082; x_wconf 90' lang='lat' dir='ltr'><strong>ista</strong></span> 
     </span>
     <span class='ocr_line' id='line_1_5' title="bbox 327 1115 1455 1184; baseline -0.006 -14"><span class='ocrx_word' id='word_1_42' title='bbox 327 1122 436 1184; x_wconf 82' lang='lat' dir='ltr'><strong>imagine</strong></span> <span class='ocrx_word' id='word_1_43' title='bbox 451 1121 537 1170; x_wconf 79' lang='lat' dir='ltr'><strong>cedem</strong></span> <span class='ocrx_word' id='word_1_44' title='bbox 552 1133 603 1168; x_wconf 90' lang='lat' dir='ltr'><strong>non</strong></span> <span class='ocrx_word' id='word_1_45' title='bbox 619 1117 750 1182; x_wconf 87' lang='lat' dir='ltr'><strong>pulchrum</strong></span> <span class='ocrx_word' id='word_1_46' title='bbox 766 1117 891 1181; x_wconf 75' lang='lat' dir='ltr'><strong>epitheton</strong></span> <span class='ocrx_word' id='word_1_47' title='bbox 907 1123 956 1174; x_wconf 89' lang='lat' dir='ltr'><strong>cst,</strong></span> <span class='ocrx_word' id='word_1_48' title='bbox 977 1116 1037 1179; x_wconf 87' lang='lat' dir='ltr'><strong>quia</strong></span> <span class='ocrx_word' id='word_1_49' title='bbox 1058 1117 1141 1164; x_wconf 76' lang='lat' dir='ltr'><strong>dicam</strong></span> <span class='ocrx_word' id='word_1_50' title='bbox 1162 1128 1283 1178; x_wconf 85' lang='lat' dir='ltr'><strong>magnum</strong></span> <span class='ocrx_word' id='word_1_51' title='bbox 1298 1116 1394 1178; x_wconf 89' lang='lat' dir='ltr'><strong>pondus</strong></span> <span class='ocrx_word' id='word_1_52' title='bbox 1411 1115 1455 1163; x_wconf 90' lang='lat' dir='ltr'><strong>ha-</strong></span> 
     </span>
     <span class='ocr_line' id='line_1_6' title="bbox 319 1195 1165 1266; baseline -0.011 -15"><span class='ocrx_word' id='word_1_53' title='bbox 319 1201 381 1266; x_wconf 81' lang='lat' dir='ltr'><strong>bet,</strong></span> <span class='ocrx_word' id='word_1_54' title='bbox 398 1209 423 1250; x_wconf 87' lang='lat' dir='ltr'><strong>et</strong></span> <span class='ocrx_word' id='word_1_55' title='bbox 438 1200 514 1249; x_wconf 86' lang='lat' dir='ltr'><strong>hostis</strong></span> <span class='ocrx_word' id='word_1_56' title='bbox 531 1201 618 1250; x_wconf 78' lang='lat' dir='ltr'><strong>cedens</strong></span> <span class='ocrx_word' id='word_1_57' title='bbox 634 1212 685 1247; x_wconf 90' lang='lat' dir='ltr'><strong>non</strong></span> <span class='ocrx_word' id='word_1_58' title='bbox 698 1200 800 1262; x_wconf 82' lang='lat' dir='ltr'><strong>petitur</strong></span> <span class='ocrx_word' id='word_1_59' title='bbox 816 1196 880 1256; x_wconf 91' lang='lat' dir='ltr'><strong>talo,</strong></span> <span class='ocrx_word' id='word_1_60' title='bbox 895 1197 939 1245; x_wconf 88' lang='lat' dir='ltr'><strong>sod</strong></span> <span class='ocrx_word' id='word_1_61' title='bbox 955 1202 1022 1244; x_wconf 84' lang='lat' dir='ltr'><strong>stans</strong></span> <span class='ocrx_word' id='word_1_62' title='bbox 1038 1195 1165 1243; x_wconf 87' lang='lat' dir='ltr'><strong>adversus.</strong></span> 
     </span>
    </p>

    <p class='ocr_par' dir='ltr' id='par_1_4' title="bbox 329 1274 1465 2065">
     <span class='ocr_line' id='line_1_7' title="bbox 377 1274 1465 1341; baseline -0.006 -10"><span class='ocrx_word' id='word_1_63' title='bbox 377 1282 409 1331; x_wconf 91' lang='grc' dir='ltr'><strong>Ρ.</strong></span> <span class='ocrx_word' id='word_1_64' title='bbox 425 1282 465 1330; x_wconf 88' lang='grc'><strong>99.</strong></span> <span class='ocrx_word' id='word_1_65' title='bbox 500 1280 575 1330; x_wconf 75' lang='lat' dir='ltr'><strong>Fotis</strong></span> <span class='ocrx_word' id='word_1_66' title='bbox 591 1285 628 1328; x_wconf 75' lang='lat' dir='ltr'><strong>eet</strong></span> <span class='ocrx_word' id='word_1_67' title='bbox 642 1293 760 1341; x_wconf 79' lang='lat' dir='ltr'><strong>promae,</strong></span> <span class='ocrx_word' id='word_1_68' title='bbox 777 1283 803 1328; x_wconf 84' lang='lat' dir='ltr'><strong>et</strong></span> <span class='ocrx_word' id='word_1_69' title='bbox 819 1283 906 1326; x_wconf 81' lang='lat' dir='ltr'><strong>utram</strong></span> <span class='ocrx_word' id='word_1_70' title='bbox 923 1277 1069 1341; x_wconf 68' lang='lat' dir='ltr'><strong>Defendens</strong></span> <span class='ocrx_word' id='word_1_71' title='bbox 1078 1276 1158 1338; x_wconf 61' lang='lat' dir='ltr'><strong>pices</strong></span> <span class='ocrx_word' id='word_1_72' title='bbox 1169 1277 1349 1325; x_wconf 76' lang='lat' dir='ltr'><strong>biemutmcre.</strong></span> <span class='ocrx_word' id='word_1_73' title='bbox 1376 1274 1445 1325; x_wconf 89' lang='lat' dir='ltr'><strong>Acro</strong></span> <span class='ocrx_word' id='word_1_74' title='bbox 1451 1281 1465 1324; x_wconf 75' lang='grc' dir='ltr'><strong>ε·</strong></span> 
     </span>
     <span class='ocr_line' id='line_1_8' title="bbox 329 1354 1459 1423; baseline -0.006 -11"><span class='ocrx_word' id='word_1_75' title='bbox 329 1359 720 1423; x_wconf 81' lang='lat' dir='ltr'><strong>„00ntemnituri110temporc‚</strong></span> <span class='ocrx_word' id='word_1_76' title='bbox 737 1372 795 1406; x_wconf 90' lang='lat' dir='ltr'><strong>cum</strong></span> <span class='ocrx_word' id='word_1_77' title='bbox 811 1364 867 1421; x_wconf 85' lang='lat' dir='ltr'><strong>post</strong></span> <span class='ocrx_word' id='word_1_78' title='bbox 887 1356 999 1406; x_wconf 88' lang='lat' dir='ltr'><strong>laborem</strong></span> <span class='ocrx_word' id='word_1_79' title='bbox 1020 1355 1114 1419; x_wconf 89' lang='lat' dir='ltr'><strong>appetis</strong></span> <span class='ocrx_word' id='word_1_80' title='bbox 1135 1354 1219 1404; x_wconf 89' lang='lat' dir='ltr'><strong>cibum</strong></span> <span class='ocrx_word' id='word_1_81' title='bbox 1240 1355 1339 1405; x_wconf 86' lang='lat' dir='ltr'><strong>vilem.“</strong></span> <span class='ocrx_word' id='word_1_82' title='bbox 1372 1357 1406 1406; x_wconf 80' lang='lat' dir='ltr'><strong>itt</strong></span> <span class='ocrx_word' id='word_1_83' title='bbox 1428 1357 1459 1405; x_wconf 90' lang='lat' dir='ltr'><strong>do</strong></span> 
     </span>
     <span class='ocr_line' id='line_1_9' title="bbox 329 1436 1459 1505; baseline -0.004 -14"><span class='ocrx_word' id='word_1_84' title='bbox 329 1442 447 1505; x_wconf 72' lang='lat' dir='ltr'><strong>piscibus:</strong></span> <span class='ocrx_word' id='word_1_85' title='bbox 465 1440 558 1503; x_wconf 85' lang='lat' dir='ltr'><strong>„Apud</strong></span> <span class='ocrx_word' id='word_1_86' title='bbox 575 1444 601 1487; x_wconf 87' lang='lat' dir='ltr'><strong>te</strong></span> <span class='ocrx_word' id='word_1_87' title='bbox 616 1438 688 1486; x_wconf 85' lang='lat' dir='ltr'><strong>famis</strong></span> <span class='ocrx_word' id='word_1_88' title='bbox 705 1444 815 1501; x_wconf 88' lang='lat' dir='ltr'><strong>tompore</strong></span> <span class='ocrx_word' id='word_1_89' title='bbox 830 1436 916 1500; x_wconf 88' lang='lat' dir='ltr'><strong>piscis,</strong></span> <span class='ocrx_word' id='word_1_90' title='bbox 941 1443 1068 1500; x_wconf 86' lang='lat' dir='ltr'><strong>tamquam</strong></span> <span class='ocrx_word' id='word_1_91' title='bbox 1088 1449 1140 1484; x_wconf 91' lang='lat' dir='ltr'><strong>non</strong></span> <span class='ocrx_word' id='word_1_92' title='bbox 1159 1436 1282 1499; x_wconf 85' lang='lat' dir='ltr'><strong>capiatur,</strong></span> <span class='ocrx_word' id='word_1_93' title='bbox 1302 1449 1392 1485; x_wconf 85' lang='lat' dir='ltr'><strong>exosus</strong></span> <span class='ocrx_word' id='word_1_94' title='bbox 1415 1441 1459 1486; x_wconf 83' lang='lat' dir='ltr'><strong>est.</strong></span> 
     </span>
     <span class='ocr_line' id='line_1_10' title="bbox 331 1516 1459 1580; baseline -0.005 -9"><span class='ocrx_word' id='word_1_95' title='bbox 331 1522 389 1572; x_wconf 85' lang='lat' dir='ltr'>Tibi</span> <span class='ocrx_word' id='word_1_96' title='bbox 405 1521 528 1570; x_wconf 85' lang='lat' dir='ltr'><strong>videbitur</strong></span> <span class='ocrx_word' id='word_1_97' title='bbox 544 1519 626 1568; x_wconf 88' lang='lat' dir='ltr'><strong>hicme</strong></span> <span class='ocrx_word' id='word_1_98' title='bbox 640 1519 798 1568; x_wconf 89' lang='lat' dir='ltr'><strong>commodum</strong></span> <span class='ocrx_word' id='word_1_99' title='bbox 813 1518 842 1580; x_wconf 81' lang='lat' dir='ltr'><strong>(l.</strong></span> <span class='ocrx_word' id='word_1_100' title='bbox 854 1517 1014 1580; x_wconf 84' lang='lat' dir='ltr'><strong>commotum)</strong></span> <span class='ocrx_word' id='word_1_101' title='bbox 1026 1530 1094 1565; x_wconf 90' lang='lat' dir='ltr'><strong>mare</strong></span> <span class='ocrx_word' id='word_1_102' title='bbox 1104 1516 1283 1579; x_wconf 87' lang='lat' dir='ltr'><strong>denegaturam</strong></span> <span class='ocrx_word' id='word_1_103' title='bbox 1293 1517 1396 1580; x_wconf 88' lang='lat' dir='ltr'><strong>pisces.“</strong></span> <span class='ocrx_word' id='word_1_104' title='bbox 1412 1516 1459 1566; x_wconf 91' lang='lat' dir='ltr'><strong>At·</strong></span> 
     </span>
     <span class='ocr_line' id='line_1_11' title="bbox 330 1595 1461 1666; baseline -0.004 -15"><span class='ocrx_word' id='word_1_105' title='bbox 330 1617 379 1666; x_wconf 90' lang='lat' dir='ltr'><strong>que</strong></span> <span class='ocrx_word' id='word_1_106' title='bbox 400 1601 458 1650; x_wconf 91' lang='lat' dir='ltr'><strong>talis</strong></span> <span class='ocrx_word' id='word_1_107' title='bbox 479 1599 650 1662; x_wconf 75' lang='lat' dir='ltr'>interpretatio</span> <span class='ocrx_word' id='word_1_108' title='bbox 670 1612 730 1647; x_wconf 86' lang='lat' dir='ltr'><strong>vera</strong></span> <span class='ocrx_word' id='word_1_109' title='bbox 752 1603 797 1646; x_wconf 90' lang='lat' dir='ltr'><strong>est.</strong></span> <span class='ocrx_word' id='word_1_110' title='bbox 832 1595 960 1647; x_wconf 74' lang='lat' dir='ltr'><strong>Sententia</strong></span> <span class='ocrx_word' id='word_1_111' title='bbox 975 1596 1056 1659; x_wconf 82' lang='lat' dir='ltr'><strong>magis</strong></span> <span class='ocrx_word' id='word_1_112' title='bbox 1072 1595 1178 1644; x_wconf 80' lang='lat' dir='ltr'><strong>eluceret</strong></span> <span class='ocrx_word' id='word_1_113' title='bbox 1193 1595 1214 1643; x_wconf 94' lang='lat' dir='ltr'><strong>si</strong></span> <span class='ocrx_word' id='word_1_114' title='bbox 1230 1595 1366 1658; x_wconf 84' lang='lat' dir='ltr'><strong>legeretur:</strong></span> <span class='ocrx_word' id='word_1_115' title='bbox 1392 1598 1461 1646; x_wconf 74' lang='lat' dir='ltr'><strong>Foris</strong></span> 
     </span>
     <span class='ocr_line' id='line_1_12' title="bbox 331 1677 1460 1745; baseline -0.005 -13"><span class='ocrx_word' id='word_1_116' title='bbox 331 1685 379 1732; x_wconf 81' lang='lat' dir='ltr'><strong>tibi</strong></span> <span class='ocrx_word' id='word_1_117' title='bbox 393 1696 504 1745; x_wconf 83' lang='lat' dir='ltr'><strong>promus.</strong></span> <span class='ocrx_word' id='word_1_118' title='bbox 538 1679 601 1728; x_wconf 82' lang='lat' dir='ltr'>Post</span> <span class='ocrx_word' id='word_1_119' title='bbox 618 1679 728 1728; x_wconf 90' lang='lat' dir='ltr'><strong>laborem</strong></span> <span class='ocrx_word' id='word_1_120' title='bbox 744 1679 884 1727; x_wconf 74' lang='lat' dir='ltr'><strong>stomachus</strong></span> <span class='ocrx_word' id='word_1_121' title='bbox 901 1677 978 1726; x_wconf 80' lang='grc'><strong>111111</strong></span> <span class='ocrx_word' id='word_1_122' title='bbox 994 1677 1085 1725; x_wconf 90' lang='lat' dir='ltr'><strong>cibum.</strong></span> <span class='ocrx_word' id='word_1_123' title='bbox 1117 1677 1175 1726; x_wconf 87' lang='lat' dir='ltr'><strong>Non</strong></span> <span class='ocrx_word' id='word_1_124' title='bbox 1186 1677 1460 1740; x_wconf 84' lang='lat' dir='ltr'><strong>exspectas,dumpro·</strong></span> 
     </span>
     <span class='ocr_line' id='line_1_13' title="bbox 331 1755 1461 1824; baseline -0.004 -14"><span class='ocrx_word' id='word_1_125' title='bbox 331 1776 388 1810; x_wconf 89' lang='lat' dir='ltr'><strong>mus</strong></span> <span class='ocrx_word' id='word_1_126' title='bbox 404 1761 500 1824; x_wconf 89' lang='lat' dir='ltr'><strong>aliquid</strong></span> <span class='ocrx_word' id='word_1_127' title='bbox 514 1758 613 1808; x_wconf 75' lang='lat' dir='ltr'><strong>delicati</strong></span> <span class='ocrx_word' id='word_1_128' title='bbox 629 1759 672 1807; x_wconf 88' lang='lat' dir='ltr'><strong>det</strong></span> <span class='ocrx_word' id='word_1_129' title='bbox 687 1772 745 1807; x_wconf 89' lang='lat' dir='ltr'><strong>coeo</strong></span> <span class='ocrx_word' id='word_1_130' title='bbox 760 1758 912 1820; x_wconf 86' lang='lat' dir='ltr'><strong>parandum,</strong></span> <span class='ocrx_word' id='word_1_131' title='bbox 930 1761 975 1805; x_wconf 90' lang='lat' dir='ltr'><strong>aut</strong></span> <span class='ocrx_word' id='word_1_132' title='bbox 991 1756 1031 1804; x_wconf 91' lang='lat' dir='ltr'><strong>hic</strong></span> <span class='ocrx_word' id='word_1_133' title='bbox 1047 1755 1124 1819; x_wconf 88' lang='lat' dir='ltr'><strong>pisces</strong></span> <span class='ocrx_word' id='word_1_134' title='bbox 1141 1769 1174 1804; x_wconf 83' lang='lat' dir='ltr'><strong>ex</strong></span> <span class='ocrx_word' id='word_1_135' title='bbox 1190 1755 1243 1805; x_wconf 84' lang='lat' dir='ltr'><strong>foro</strong></span> <span class='ocrx_word' id='word_1_136' title='bbox 1253 1762 1328 1819; x_wconf 86' lang='lat' dir='ltr'><strong>potat.</strong></span> <span class='ocrx_word' id='word_1_137' title='bbox 1355 1757 1461 1806; x_wconf 84' lang='lat' dir='ltr'><strong>Pramus</strong></span> 
     </span>
     <span class='ocr_line' id='line_1_14' title="bbox 331 1836 1462 1901; baseline -0.004 -11"><span class='ocrx_word' id='word_1_138' title='bbox 331 1843 380 1891; x_wconf 82' lang='lat' dir='ltr'><strong>tibi</strong></span> <span class='ocrx_word' id='word_1_139' title='bbox 395 1856 447 1890; x_wconf 92' lang='lat' dir='ltr'><strong>non</strong></span> <span class='ocrx_word' id='word_1_140' title='bbox 463 1848 501 1890; x_wconf 90' lang='lat' dir='ltr'><strong>est</strong></span> <span class='ocrx_word' id='word_1_141' title='bbox 517 1840 596 1898; x_wconf 91' lang='lat' dir='ltr'><strong>domi,</strong></span> <span class='ocrx_word' id='word_1_142' title='bbox 612 1853 683 1888; x_wconf 86' lang='lat' dir='ltr'><strong>marc</strong></span> <span class='ocrx_word' id='word_1_143' title='bbox 700 1841 748 1888; x_wconf 82' lang='lat' dir='ltr'><strong>tibi</strong></span> <span class='ocrx_word' id='word_1_144' title='bbox 764 1839 871 1900; x_wconf 80' lang='lat' dir='ltr'><strong>hiemat,</strong></span> <span class='ocrx_word' id='word_1_145' title='bbox 889 1836 1003 1901; x_wconf 84' lang='lat' dir='ltr'><strong>quamvis</strong></span> <span class='ocrx_word' id='word_1_146' title='bbox 1019 1850 1119 1900; x_wconf 86' lang='lat' dir='ltr'><strong>promus</strong></span> <span class='ocrx_word' id='word_1_147' title='bbox 1136 1837 1167 1885; x_wconf 88' lang='lat' dir='ltr'><strong>sit</strong></span> <span class='ocrx_word' id='word_1_148' title='bbox 1182 1837 1260 1896; x_wconf 91' lang='lat' dir='ltr'><strong>domi,</strong></span> <span class='ocrx_word' id='word_1_149' title='bbox 1278 1842 1303 1887; x_wconf 85' lang='lat' dir='ltr'><strong>ct</strong></span> <span class='ocrx_word' id='word_1_150' title='bbox 1317 1837 1396 1900; x_wconf 77' lang='lat' dir='ltr'><strong>pisces</strong></span> <span class='ocrx_word' id='word_1_151' title='bbox 1411 1838 1462 1886; x_wconf 90' lang='lat' dir='ltr'><strong>sint</strong></span> 
     </span>
     <span class='ocr_line' id='line_1_15' title="bbox 331 1915 1463 1981; baseline -0.001 -12"><span class='ocrx_word' id='word_1_152' title='bbox 331 1923 358 1969; x_wconf 90' lang='lat' dir='ltr'><strong>in</strong></span> <span class='ocrx_word' id='word_1_153' title='bbox 375 1920 436 1968; x_wconf 87' lang='lat' dir='ltr'><strong>foro.</strong></span> <span class='ocrx_word' id='word_1_154' title='bbox 472 1922 531 1968; x_wconf 78' lang='lat' dir='ltr'><strong>Tibi</strong></span> <span class='ocrx_word' id='word_1_155' title='bbox 547 1925 585 1968; x_wconf 81' lang='lat' dir='ltr'><strong>ert</strong></span> <span class='ocrx_word' id='word_1_156' title='bbox 595 1920 681 1981; x_wconf 79' lang='lat' dir='ltr'><strong>forie,</strong></span> <span class='ocrx_word' id='word_1_157' title='bbox 698 1925 727 1967; x_wconf 92' lang='lat' dir='ltr'><strong>ut</strong></span> <span class='ocrx_word' id='word_1_158' title='bbox 743 1935 768 1968; x_wconf 87' lang='lat' dir='ltr'><strong>v.</strong></span> <span class='ocrx_word' id='word_1_159' title='bbox 785 1932 806 1967; x_wconf 92' lang='lat' dir='ltr'><strong>c.</strong></span> <span class='ocrx_word' id='word_1_160' title='bbox 823 1916 897 1968; x_wconf 80' lang='lat' dir='ltr'><strong>Orid.</strong></span> <span class='ocrx_word' id='word_1_161' title='bbox 915 1917 1017 1968; x_wconf 87' lang='lat' dir='ltr'><strong>Heroid.</strong></span> <span class='ocrx_word' id='word_1_162' title='bbox 1035 1915 1056 1964; x_wconf 89' lang='grc' dir='ltr'><strong>Ι.</strong></span> <span class='ocrx_word' id='word_1_163' title='bbox 1074 1916 1114 1966; x_wconf 86' lang='grc'><strong>31.</strong></span> <span class='ocrx_word' id='word_1_164' title='bbox 1143 1918 1244 1966; x_wconf 78' lang='lat' dir='ltr'><strong>Diruta</strong></span> <span class='ocrx_word' id='word_1_165' title='bbox 1258 1922 1320 1968; x_wconf 79' lang='lat' dir='ltr'><strong>eant</strong></span> <span class='ocrx_word' id='word_1_166' title='bbox 1334 1918 1405 1975; x_wconf 84' lang='lat' dir='ltr'><strong>aliis,</strong></span> <span class='ocrx_word' id='word_1_167' title='bbox 1417 1919 1463 1968; x_wconf 78' lang='lat' dir='ltr'><strong>aui</strong></span> 
     </span>
     <span class='ocr_line' id='line_1_16' title="bbox 331 2004 664 2065; baseline -0.009 -13"><span class='ocrx_word' id='word_1_168' title='bbox 331 2004 395 2052; x_wconf 76' lang='lat' dir='ltr'><strong>mibi</strong></span> <span class='ocrx_word' id='word_1_169' title='bbox 411 2004 541 2065; x_wconf 73' lang='lat' dir='ltr'><strong>Peroamc</strong></span> <span class='ocrx_word' id='word_1_170' title='bbox 556 2006 664 2049; x_wconf 77' lang='lat' dir='ltr'><strong>reticui.</strong></span> 
     </span>
    </p>

    <p class='ocr_par' dir='ltr' id='par_1_5' title="bbox 332 2077 1464 2623">
     <span class='ocr_line' id='line_1_17' title="bbox 380 2077 1464 2143; baseline -0.002 -13"><span class='ocrx_word' id='word_1_171' title='bbox 380 2082 412 2130; x_wconf 91' lang='lat' dir='ltr'><strong>P.</strong></span> <span class='ocrx_word' id='word_1_172' title='bbox 428 2082 469 2130; x_wconf 88' lang='grc'><strong>99.</strong></span> <span class='ocrx_word' id='word_1_173' title='bbox 508 2082 580 2130; x_wconf 79' lang='lat' dir='ltr'><strong>Unde</strong></span> <span class='ocrx_word' id='word_1_174' title='bbox 602 2086 680 2142; x_wconf 80' lang='lat' dir='ltr'><strong>putus</strong></span> <span class='ocrx_word' id='word_1_175' title='bbox 703 2086 750 2128; x_wconf 87' lang='lat' dir='ltr'><strong>out</strong></span> <span class='ocrx_word' id='word_1_176' title='bbox 786 2079 838 2139; x_wconf 77' lang='lat' dir='ltr'><strong>Qut</strong></span> <span class='ocrx_word' id='word_1_177' title='bbox 859 2080 983 2143; x_wconf 79' lang='lat' dir='ltr'><strong>portanti</strong></span> <span class='ocrx_word' id='word_1_178' title='bbox 1026 2078 1081 2129; x_wconf 79' lang='lat' dir='ltr'><strong>Nota</strong></span> <span class='ocrx_word' id='word_1_179' title='bbox 1104 2080 1132 2127; x_wconf 83' lang='lat' dir='ltr'><strong>itt</strong></span> <span class='ocrx_word' id='word_1_180' title='bbox 1155 2093 1214 2128; x_wconf 85' lang='lat' dir='ltr'><strong>coro</strong></span> <span class='ocrx_word' id='word_1_181' title='bbox 1237 2079 1325 2128; x_wconf 80' lang='lat' dir='ltr'><strong>nidore</strong></span> <span class='ocrx_word' id='word_1_182' title='bbox 1347 2077 1464 2142; x_wconf 79' lang='lat' dir='ltr'><strong>volupiae</strong></span> 
     </span>
     <span class='ocr_line' id='line_1_18' title="bbox 333 2157 1463 2223; baseline -0.002 -12"><span class='ocrx_word' id='word_1_183' title='bbox 333 2163 453 2219; x_wconf 85' lang='lat' dir='ltr'><strong>Sammo,</strong></span> <span class='ocrx_word' id='word_1_184' title='bbox 469 2162 514 2210; x_wconf 84' lang='lat' dir='ltr'><strong>aed</strong></span> <span class='ocrx_word' id='word_1_185' title='bbox 528 2162 555 2208; x_wconf 80' lang='lat' dir='ltr'><strong>in</strong></span> <span class='ocrx_word' id='word_1_186' title='bbox 573 2166 598 2209; x_wconf 85' lang='lat' dir='ltr'><strong>te</strong></span> <span class='ocrx_word' id='word_1_187' title='bbox 614 2161 668 2222; x_wconf 83' lang='lat' dir='ltr'><strong>ipso</strong></span> <span class='ocrx_word' id='word_1_188' title='bbox 684 2166 730 2208; x_wconf 80' lang='lat' dir='ltr'><strong>est.</strong></span> <span class='ocrx_word' id='word_1_189' title='bbox 762 2159 835 2209; x_wconf 85' lang='lat' dir='ltr'><strong>Nihil</strong></span> <span class='ocrx_word' id='word_1_190' title='bbox 852 2174 884 2208; x_wconf 86' lang='lat' dir='ltr'><strong>cx</strong></span> <span class='ocrx_word' id='word_1_191' title='bbox 901 2159 1100 2208; x_wconf 71' lang='lat' dir='ltr'><strong>antecedentibus</strong></span> <span class='ocrx_word' id='word_1_192' title='bbox 1116 2165 1173 2222; x_wconf 86' lang='lat' dir='ltr'><strong>apte</strong></span> <span class='ocrx_word' id='word_1_193' title='bbox 1189 2157 1294 2208; x_wconf 84' lang='lat' dir='ltr'><strong>refertur</strong></span> <span class='ocrx_word' id='word_1_194' title='bbox 1309 2160 1340 2208; x_wconf 90' lang='lat' dir='ltr'><strong>ad</strong></span> <span class='ocrx_word' id='word_1_195' title='bbox 1349 2167 1463 2223; x_wconf 80' lang='lat' dir='ltr'><strong>partum.</strong></span> 
     </span>
     <span class='ocr_line' id='line_1_19' title="bbox 332 2238 1464 2305; baseline 0.001 -15"><span class='ocrx_word' id='word_1_196' title='bbox 332 2241 462 2305; x_wconf 84' lang='lat' dir='ltr'><strong>Optimum</strong></span> <span class='ocrx_word' id='word_1_197' title='bbox 479 2246 546 2298; x_wconf 90' lang='lat' dir='ltr'><strong>erat,</strong></span> <span class='ocrx_word' id='word_1_198' title='bbox 563 2240 608 2302; x_wconf 82' lang='lat' dir='ltr'><strong>qui</strong></span> <span class='ocrx_word' id='word_1_199' title='bbox 621 2245 742 2302; x_wconf 80' lang='lat' dir='ltr'><strong>portum,</strong></span> <span class='ocrx_word' id='word_1_200' title='bbox 759 2245 789 2287; x_wconf 84' lang='lat' dir='ltr'><strong>ot</strong></span> <span class='ocrx_word' id='word_1_201' title='bbox 805 2239 876 2303; x_wconf 89' lang='lat' dir='ltr'><strong>panis</strong></span> <span class='ocrx_word' id='word_1_202' title='bbox 893 2250 951 2288; x_wconf 89' lang='lat' dir='ltr'><strong>cum</strong></span> <span class='ocrx_word' id='word_1_203' title='bbox 968 2239 1017 2288; x_wconf 90' lang='lat' dir='ltr'><strong>sale</strong></span> <span class='ocrx_word' id='word_1_204' title='bbox 1034 2239 1097 2288; x_wconf 86' lang='lat' dir='ltr'><strong>bono</strong></span> <span class='ocrx_word' id='word_1_205' title='bbox 1112 2238 1189 2288; x_wconf 89' lang='lat' dir='ltr'><strong>leniat</strong></span> <span class='ocrx_word' id='word_1_206' title='bbox 1199 2239 1361 2289; x_wconf 88' lang='lat' dir='ltr'><strong>stomachum.</strong></span> <span class='ocrx_word' id='word_1_207' title='bbox 1392 2241 1464 2292; x_wconf 80' lang='lat' dir='ltr'><strong>Unde</strong></span> 
     </span>
     <span class='ocr_line' id='line_1_20' title="bbox 333 2319 1462 2384; baseline -0.001 -13"><span class='ocrx_word' id='word_1_208' title='bbox 333 2329 380 2371; x_wconf 81' lang='lat' dir='ltr'><strong>aut</strong></span> <span class='ocrx_word' id='word_1_209' title='bbox 395 2321 439 2384; x_wconf 76' lang='lat' dir='ltr'><strong>qut</strong></span> <span class='ocrx_word' id='word_1_210' title='bbox 455 2319 554 2369; x_wconf 84' lang='lat' dir='ltr'><strong>sufficit.</strong></span> <span class='ocrx_word' id='word_1_211' title='bbox 587 2320 701 2368; x_wconf 88' lang='lat' dir='ltr'><strong>Verbum</strong></span> <span class='ocrx_word' id='word_1_212' title='bbox 723 2319 804 2368; x_wconf 89' lang='lat' dir='ltr'><strong>multo</strong></span> <span class='ocrx_word' id='word_1_213' title='bbox 824 2320 964 2382; x_wconf 81' lang='lat' dir='ltr'><strong>elegantius</strong></span> <span class='ocrx_word' id='word_1_214' title='bbox 980 2334 1037 2368; x_wconf 89' lang='lat' dir='ltr'><strong>cum</strong></span> <span class='ocrx_word' id='word_1_215' title='bbox 1052 2334 1140 2369; x_wconf 89' lang='lat' dir='ltr'><strong>caussa</strong></span> <span class='ocrx_word' id='word_1_216' title='bbox 1156 2320 1193 2368; x_wconf 88' lang='lat' dir='ltr'><strong>rei</strong></span> <span class='ocrx_word' id='word_1_217' title='bbox 1209 2320 1279 2369; x_wconf 90' lang='lat' dir='ltr'><strong>istius</strong></span> <span class='ocrx_word' id='word_1_218' title='bbox 1295 2320 1462 2383; x_wconf 88' lang='lat' dir='ltr'><strong>coniungitur.</strong></span> 
     </span>
     <span class='ocr_line' id='line_1_21' title="bbox 337 2399 1464 2463; baseline 0 -13"><span class='ocrx_word' id='word_1_219' title='bbox 337 2403 410 2450; x_wconf 84' lang='lat' dir='ltr'><strong>Unde</strong></span> <span class='ocrx_word' id='word_1_220' title='bbox 422 2406 502 2463; x_wconf 76' lang='lat' dir='ltr'><strong>patae</strong></span> <span class='ocrx_word' id='word_1_221' title='bbox 518 2405 565 2448; x_wconf 85' lang='lat' dir='ltr'><strong>cat</strong></span> <span class='ocrx_word' id='word_1_222' title='bbox 584 2399 653 2458; x_wconf 71' lang='lat' dir='ltr'><strong>Qut?</strong></span> <span class='ocrx_word' id='word_1_223' title='bbox 686 2402 800 2448; x_wconf 84' lang='lat' dir='ltr'><strong>Paritur</strong></span> <span class='ocrx_word' id='word_1_224' title='bbox 816 2416 866 2449; x_wconf 79' lang='lat' dir='ltr'><strong>aon</strong></span> <span class='ocrx_word' id='word_1_225' title='bbox 882 2416 914 2449; x_wconf 82' lang='lat' dir='ltr'><strong>ec</strong></span> <span class='ocrx_word' id='word_1_226' title='bbox 930 2415 990 2449; x_wconf 85' lang='lat' dir='ltr'><strong>curo</strong></span> <span class='ocrx_word' id='word_1_227' title='bbox 1005 2401 1093 2450; x_wconf 78' lang='lat' dir='ltr'><strong>nidore</strong></span> <span class='ocrx_word' id='word_1_228' title='bbox 1109 2401 1226 2462; x_wconf 79' lang='lat' dir='ltr'><strong>voluptas</strong></span> <span class='ocrx_word' id='word_1_229' title='bbox 1243 2401 1360 2460; x_wconf 83' lang='lat' dir='ltr'><strong>Summa,</strong></span> <span class='ocrx_word' id='word_1_230' title='bbox 1377 2404 1422 2450; x_wconf 83' lang='lat' dir='ltr'><strong>ced</strong></span> <span class='ocrx_word' id='word_1_231' title='bbox 1436 2404 1464 2450; x_wconf 82' lang='lat' dir='ltr'><strong>in</strong></span> 
     </span>
     <span class='ocr_line' id='line_1_22' title="bbox 333 2479 1462 2546; baseline -0.002 -15"><span class='ocrx_word' id='word_1_232' title='bbox 333 2490 359 2532; x_wconf 83' lang='lat' dir='ltr'><strong>te</strong></span> <span class='ocrx_word' id='word_1_233' title='bbox 373 2485 428 2546; x_wconf 83' lang='lat' dir='ltr'><strong>ipro</strong></span> <span class='ocrx_word' id='word_1_234' title='bbox 443 2487 487 2530; x_wconf 79' lang='lat' dir='ltr'><strong>est.</strong></span> <span class='ocrx_word' id='word_1_235' title='bbox 519 2481 593 2530; x_wconf 88' lang='lat' dir='ltr'><strong>Unde</strong></span> <span class='ocrx_word' id='word_1_236' title='bbox 610 2488 653 2529; x_wconf 88' lang='lat' dir='ltr'><strong>ant</strong></span> <span class='ocrx_word' id='word_1_237' title='bbox 669 2481 793 2544; x_wconf 90' lang='lat' dir='ltr'><strong>quomodo</strong></span> <span class='ocrx_word' id='word_1_238' title='bbox 809 2480 856 2529; x_wconf 92' lang='lat' dir='ltr'><strong>hoc</strong></span> <span class='ocrx_word' id='word_1_239' title='bbox 872 2481 926 2530; x_wconf 88' lang='lat' dir='ltr'><strong>fieri</strong></span> <span class='ocrx_word' id='word_1_240' title='bbox 942 2484 1029 2543; x_wconf 82' lang='lat' dir='ltr'><strong>putas?</strong></span> <span class='ocrx_word' id='word_1_241' title='bbox 1063 2479 1128 2542; x_wconf 83' lang='lat' dir='ltr'><strong>Quia</strong></span> <span class='ocrx_word' id='word_1_242' title='bbox 1144 2479 1259 2544; x_wconf 85' lang='lat' dir='ltr'><strong>voluptas</strong></span> <span class='ocrx_word' id='word_1_243' title='bbox 1276 2494 1374 2529; x_wconf 89' lang='lat' dir='ltr'><strong>summa</strong></span> <span class='ocrx_word' id='word_1_244' title='bbox 1390 2481 1462 2529; x_wconf 84' lang='lat' dir='ltr'><strong>estin</strong></span> 
     </span>
     <span class='ocr_line' id='line_1_23' title="bbox 335 2559 744 2623; baseline -0.007 -13"><span class='ocrx_word' id='word_1_245' title='bbox 335 2569 360 2610; x_wconf 88' lang='lat' dir='ltr'><strong>te</strong></span> <span class='ocrx_word' id='word_1_246' title='bbox 376 2561 442 2623; x_wconf 92' lang='lat' dir='ltr'><strong>ipso,</strong></span> <span class='ocrx_word' id='word_1_247' title='bbox 458 2576 509 2610; x_wconf 91' lang='lat' dir='ltr'><strong>non</strong></span> <span class='ocrx_word' id='word_1_248' title='bbox 526 2560 626 2608; x_wconf 77' lang='lat' dir='ltr'><strong>aliunde</strong></span> <span class='ocrx_word' id='word_1_249' title='bbox 641 2559 744 2622; x_wconf 85' lang='lat' dir='ltr'><strong>paritur.</strong></span> 
     </span>
    </p>

    <p class='ocr_par' dir='ltr' id='par_1_6' title="bbox 334 2637 1462 2860">
     <span class='ocr_line' id='line_1_24' title="bbox 347 2637 1462 2701; baseline 0.004 -17"><span class='ocrx_word' id='word_1_250' title='bbox 347 2659 362 2684; x_wconf 62' lang='grc' dir='ltr'><strong>,ἰ</strong></span> <span class='ocrx_word' id='word_1_251' title='bbox 383 2639 414 2689; x_wconf 90' lang='grc' dir='ltr'><strong>Ρ.</strong></span> <span class='ocrx_word' id='word_1_252' title='bbox 430 2641 470 2689; x_wconf 85' lang='grc'><strong>99.</strong></span> <span class='ocrx_word' id='word_1_253' title='bbox 505 2640 687 2688; x_wconf 83' lang='lat' dir='ltr'><strong>Pulmeataric</strong></span> <span class='ocrx_word' id='word_1_254' title='bbox 703 2655 794 2701; x_wconf 83' lang='lat' dir='ltr'><strong>qaaere</strong></span> <span class='ocrx_word' id='word_1_255' title='bbox 809 2640 931 2687; x_wconf 71' lang='lat' dir='ltr'><strong>mutando.</strong></span> <span class='ocrx_word' id='word_1_256' title='bbox 965 2637 1046 2686; x_wconf 86' lang='lat' dir='ltr'><strong>Acro:</strong></span> <span class='ocrx_word' id='word_1_257' title='bbox 1064 2639 1151 2701; x_wconf 82' lang='lat' dir='ltr'><strong>„quasi</strong></span> <span class='ocrx_word' id='word_1_258' title='bbox 1166 2639 1267 2688; x_wconf 86' lang='lat' dir='ltr'><strong>diceret:</strong></span> <span class='ocrx_word' id='word_1_259' title='bbox 1285 2640 1377 2689; x_wconf 86' lang='lat' dir='ltr'><strong>Totum</strong></span> <span class='ocrx_word' id='word_1_260' title='bbox 1387 2652 1462 2689; x_wconf 89' lang='lat' dir='ltr'><strong>suave</strong></span> 
     </span>
     <span class='ocr_line' id='line_1_25' title="bbox 335 2718 1461 2784; baseline 0 -16"><span class='ocrx_word' id='word_1_261' title='bbox 335 2726 384 2777; x_wconf 91' lang='lat' dir='ltr'><strong>est,</strong></span> <span class='ocrx_word' id='word_1_262' title='bbox 400 2720 466 2784; x_wconf 88' lang='lat' dir='ltr'><strong>quod</strong></span> <span class='ocrx_word' id='word_1_263' title='bbox 482 2724 539 2782; x_wconf 92' lang='lat' dir='ltr'><strong>post</strong></span> <span class='ocrx_word' id='word_1_264' title='bbox 553 2718 662 2767; x_wconf 89' lang='lat' dir='ltr'><strong>laborem</strong></span> <span class='ocrx_word' id='word_1_265' title='bbox 677 2719 807 2767; x_wconf 83' lang='lat' dir='ltr'><strong>sumitur‚“</strong></span> <span class='ocrx_word' id='word_1_266' title='bbox 841 2719 888 2767; x_wconf 81' lang='lat' dir='ltr'><strong>Est</strong></span> <span class='ocrx_word' id='word_1_267' title='bbox 904 2719 1016 2766; x_wconf 89' lang='lat' dir='ltr'><strong>senarius</strong></span> <span class='ocrx_word' id='word_1_268' title='bbox 1032 2718 1163 2775; x_wconf 79' lang='lat' dir='ltr'><strong>iambicus,</strong></span> <span class='ocrx_word' id='word_1_269' title='bbox 1173 2732 1239 2766; x_wconf 88' lang='lat' dir='ltr'><strong>unus</strong></span> <span class='ocrx_word' id='word_1_270' title='bbox 1252 2732 1284 2767; x_wconf 90' lang='lat' dir='ltr'><strong>ex</strong></span> <span class='ocrx_word' id='word_1_271' title='bbox 1295 2719 1359 2777; x_wconf 86' lang='lat' dir='ltr'><strong>istis,</strong></span> <span class='ocrx_word' id='word_1_272' title='bbox 1371 2719 1461 2782; x_wconf 89' lang='lat' dir='ltr'><strong>quibus</strong></span> 
     </span>
     <span class='ocr_line' id='line_1_26' title="bbox 334 2797 1245 2860; baseline -0.003 -10"><span class='ocrx_word' id='word_1_273' title='bbox 334 2799 470 2850; x_wconf 83' lang='lat' dir='ltr'><strong>sentcntiae</strong></span> <span class='ocrx_word' id='word_1_274' title='bbox 487 2798 655 2847; x_wconf 88' lang='lat' dir='ltr'><strong>monostichae</strong></span> <span class='ocrx_word' id='word_1_275' title='bbox 670 2797 871 2854; x_wconf 68' lang='lat' dir='ltr'><strong>includebantur,</strong></span> <span class='ocrx_word' id='word_1_276' title='bbox 888 2808 999 2860; x_wconf 88' lang='lat' dir='ltr'><strong>tempore</strong></span> <span class='ocrx_word' id='word_1_277' title='bbox 1015 2798 1089 2846; x_wconf 90' lang='lat' dir='ltr'><strong>etiam</strong></span> <span class='ocrx_word' id='word_1_278' title='bbox 1104 2797 1245 2847; x_wconf 81' lang='lat' dir='ltr'><strong>recentiore.</strong></span> 
     </span>
    </p>

    <p class='ocr_par' dir='ltr' id='par_1_7' title="bbox 334 2877 1465 3264">
     <span class='ocr_line' id='line_1_27' title="bbox 384 2877 1463 2941; baseline 0.001 -13"><span class='ocrx_word' id='word_1_279' title='bbox 384 2879 414 2928; x_wconf 94' lang='grc' dir='ltr'><strong>Ρ.</strong></span> <span class='ocrx_word' id='word_1_280' title='bbox 434 2881 488 2928; x_wconf 90' lang='grc'><strong>101.</strong></span> <span class='ocrx_word' id='word_1_281' title='bbox 521 2880 602 2936; x_wconf 83' lang='lat' dir='ltr'><strong>Doti,</strong></span> <span class='ocrx_word' id='word_1_282' title='bbox 619 2879 703 2936; x_wconf 86' lang='lat' dir='ltr'><strong>credo,</strong></span> <span class='ocrx_word' id='word_1_283' title='bbox 720 2877 811 2927; x_wconf 88' lang='lat' dir='ltr'><strong>excidit</strong></span> <span class='ocrx_word' id='word_1_284' title='bbox 834 2892 864 2926; x_wconf 85' lang='lat' dir='ltr'><strong>ex</strong></span> <span class='ocrx_word' id='word_1_285' title='bbox 882 2877 920 2925; x_wconf 88' lang='lat' dir='ltr'><strong>his</strong></span> <span class='ocrx_word' id='word_1_286' title='bbox 936 2877 1005 2926; x_wconf 84' lang='lat' dir='ltr'><strong>Livii</strong></span> <span class='ocrx_word' id='word_1_287' title='bbox 1021 2877 1151 2927; x_wconf 89' lang='lat' dir='ltr'>XXXIX.</span> <span class='ocrx_word' id='word_1_288' title='bbox 1170 2879 1209 2926; x_wconf 80' lang='lat' dir='ltr'><strong>lt.</strong></span> <span class='ocrx_word' id='word_1_289' title='bbox 1248 2879 1463 2941; x_wconf 80' lang='lat' dir='ltr'><strong>thoecbincen-</strong></span> 
     </span>
     <span class='ocr_line' id='line_1_28' title="bbox 334 2958 1464 3025; baseline -0.001 -16"><span class='ocrx_word' id='word_1_290' title='bbox 334 2962 386 3009; x_wconf 83' lang='lat' dir='ltr'><strong>diis</strong></span> <span class='ocrx_word' id='word_1_291' title='bbox 402 2964 545 3017; x_wconf 75' lang='lat' dir='ltr'><strong>curereteo,</strong></span> <span class='ocrx_word' id='word_1_292' title='bbox 562 2960 690 3008; x_wconf 81' lang='lat' dir='ltr'><strong>adiutores</strong></span> <span class='ocrx_word' id='word_1_293' title='bbox 706 2959 847 3007; x_wconf 74' lang='lat' dir='ltr'><strong>triumuiris</strong></span> <span class='ocrx_word' id='word_1_294' title='bbox 862 2959 1032 3025; x_wconf 76' lang='lat' dir='ltr'><strong>quinqueuiri,</strong></span> <span class='ocrx_word' id='word_1_295' title='bbox 1048 2960 1090 3007; x_wconf 80' lang='lat' dir='ltr'><strong>uti</strong></span> <span class='ocrx_word' id='word_1_296' title='bbox 1105 2960 1142 3008; x_wconf 83' lang='lat' dir='ltr'><strong>cis</strong></span> <span class='ocrx_word' id='word_1_297' title='bbox 1161 2958 1272 3008; x_wconf 74' lang='lat' dir='ltr'><strong>Teberim</strong></span> <span class='ocrx_word' id='word_1_298' title='bbox 1287 2973 1347 3007; x_wconf 84' lang='lat' dir='ltr'><strong>succ</strong></span> <span class='ocrx_word' id='word_1_299' title='bbox 1362 2959 1464 3022; x_wconf 68' lang='lat' dir='ltr'><strong>qouque</strong></span> 
     </span>
     <span class='ocr_line' id='line_1_29' title="bbox 335 3036 1465 3104; baseline 0.001 -15"><span class='ocrx_word' id='word_1_300' title='bbox 335 3042 442 3104; x_wconf 71' lang='lat' dir='ltr'><strong>racionis</strong></span> <span class='ocrx_word' id='word_1_301' title='bbox 458 3039 580 3104; x_wconf 63' lang='lat' dir='ltr'><strong>aedificia</strong></span> <span class='ocrx_word' id='word_1_302' title='bbox 593 3044 747 3101; x_wconf 65' lang='lat' dir='ltr'><strong>praeuecti.</strong></span> <span class='ocrx_word' id='word_1_303' title='bbox 780 3037 941 3101; x_wconf 67' lang='lat' dir='ltr'><strong>legendum:</strong></span> <span class='ocrx_word' id='word_1_304' title='bbox 964 3036 1048 3101; x_wconf 79' lang='lat' dir='ltr'><strong>thue</strong></span> <span class='ocrx_word' id='word_1_305' title='bbox 1063 3041 1095 3087; x_wconf 87' lang='lat' dir='ltr'><strong>cb</strong></span> <span class='ocrx_word' id='word_1_306' title='bbox 1111 3039 1234 3099; x_wconf 79' lang='lat' dir='ltr'><strong>iacendiie</strong></span> <span class='ocrx_word' id='word_1_307' title='bbox 1250 3044 1392 3098; x_wconf 63' lang='lat' dir='ltr'><strong>ororetur,</strong></span> <span class='ocrx_word' id='word_1_308' title='bbox 1409 3042 1465 3090; x_wconf 71' lang='lat' dir='ltr'><strong>aaa</strong></span> 
     </span>
     <span class='ocr_line' id='line_1_30' title="bbox 335 3117 1465 3184; baseline 0 -14"><span class='ocrx_word' id='word_1_309' title='bbox 335 3122 463 3170; x_wconf 70' lang='lat' dir='ltr'><strong>adiutore</strong></span> <span class='ocrx_word' id='word_1_310' title='bbox 486 3133 522 3182; x_wconf 88' lang='lat' dir='ltr'><strong>sq.</strong></span> <span class='ocrx_word' id='word_1_311' title='bbox 556 3117 698 3169; x_wconf 85' lang='lat' dir='ltr'><strong>Similitudo</strong></span> <span class='ocrx_word' id='word_1_312' title='bbox 713 3117 843 3167; x_wconf 77' lang='grc'><strong>1111111111</strong></span> <span class='ocrx_word' id='word_1_313' title='bbox 859 3119 1019 3167; x_wconf 75' lang='grc'><strong>1111111111</strong></span> <span class='ocrx_word' id='word_1_314' title='bbox 1036 3118 1063 3166; x_wconf 89' lang='lat' dir='ltr'><strong>in</strong></span> <span class='ocrx_word' id='word_1_315' title='bbox 1084 3117 1211 3168; x_wconf 69' lang='lat' dir='ltr'><strong>autumes</strong></span> <span class='ocrx_word' id='word_1_316' title='bbox 1232 3130 1340 3168; x_wconf 89' lang='lat' dir='ltr'><strong>errorem</strong></span> <span class='ocrx_word' id='word_1_317' title='bbox 1365 3121 1465 3184; x_wconf 84' lang='lat' dir='ltr'><strong>peperit.</strong></span> 
     </span>
     <span class='ocr_line' id='line_1_31' title="bbox 337 3197 1367 3264; baseline -0.002 -14"><span class='ocrx_word' id='word_1_318' title='bbox 337 3200 456 3264; x_wconf 84' lang='lat' dir='ltr'><strong>Sigonius</strong></span> <span class='ocrx_word' id='word_1_319' title='bbox 472 3200 529 3248; x_wconf 78' lang='lat' dir='ltr'><strong>doti</strong></span> <span class='ocrx_word' id='word_1_320' title='bbox 546 3198 676 3262; x_wconf 72' lang='lat' dir='ltr'><strong>supplebat</strong></span> <span class='ocrx_word' id='word_1_321' title='bbox 691 3204 747 3261; x_wconf 91' lang='lat' dir='ltr'><strong>post</strong></span> <span class='ocrx_word' id='word_1_322' title='bbox 762 3199 933 3261; x_wconf 81' lang='lat' dir='ltr'><strong>quinqueuiri,</strong></span> <span class='ocrx_word' id='word_1_323' title='bbox 951 3197 1060 3248; x_wconf 84' lang='lat' dir='ltr'><strong>Gronov.</strong></span> <span class='ocrx_word' id='word_1_324' title='bbox 1076 3199 1189 3246; x_wconf 85' lang='lat' dir='ltr'><strong>mutabat</strong></span> <span class='ocrx_word' id='word_1_325' title='bbox 1206 3201 1246 3246; x_wconf 84' lang='lat' dir='ltr'><strong>uti</strong></span> <span class='ocrx_word' id='word_1_326' title='bbox 1261 3199 1289 3246; x_wconf 93' lang='lat' dir='ltr'><strong>in</strong></span> <span class='ocrx_word' id='word_1_327' title='bbox 1305 3200 1367 3248; x_wconf 77' lang='lat' dir='ltr'><strong>riuti.</strong></span> 
     </span>
    </p>

    <p class='ocr_par' dir='ltr' id='par_1_8' title="bbox 336 3278 1468 3739">
     <span class='ocr_line' id='line_1_32' title="bbox 385 3278 1466 3342; baseline 0.001 -14"><span class='ocrx_word' id='word_1_328' title='bbox 385 3279 418 3329; x_wconf 86' lang='lat' dir='ltr'><strong>P.</strong></span> <span class='ocrx_word' id='word_1_329' title='bbox 437 3280 490 3328; x_wconf 75' lang='lat' dir='ltr'><strong>loz.</strong></span> <span class='ocrx_word' id='word_1_330' title='bbox 529 3281 646 3342; x_wconf 76' lang='lat' dir='ltr'><strong>Tatioque</strong></span> <span class='ocrx_word' id='word_1_331' title='bbox 662 3280 844 3328; x_wconf 81' lang='lat' dir='ltr'><strong>ricoaicoidie.</strong></span> <span class='ocrx_word' id='word_1_332' title='bbox 869 3278 956 3326; x_wconf 83' lang='lat' dir='ltr'><strong>Livius</strong></span> <span class='ocrx_word' id='word_1_333' title='bbox 973 3292 1058 3341; x_wconf 89' lang='lat' dir='ltr'><strong>saepe,</strong></span> <span class='ocrx_word' id='word_1_334' title='bbox 1075 3293 1100 3326; x_wconf 89' lang='lat' dir='ltr'><strong>v.</strong></span> <span class='ocrx_word' id='word_1_335' title='bbox 1117 3292 1138 3326; x_wconf 88' lang='lat' dir='ltr'><strong>c.</strong></span> <span class='ocrx_word' id='word_1_336' title='bbox 1155 3278 1254 3328; x_wconf 85' lang='lat' dir='ltr'>XLIV.</span> <span class='ocrx_word' id='word_1_337' title='bbox 1266 3280 1307 3327; x_wconf 78' lang='lat' dir='ltr'><strong>st.</strong></span> <span class='ocrx_word' id='word_1_338' title='bbox 1335 3280 1466 3329; x_wconf 82' lang='lat' dir='ltr'><strong>Neminem</strong></span> 
     </span>
     <span class='ocr_line' id='line_1_33' title="bbox 336 3357 1467 3422; baseline 0 -13"><span class='ocrx_word' id='word_1_339' title='bbox 336 3362 397 3409; x_wconf 78' lang='lat' dir='ltr'><strong>totis</strong></span> <span class='ocrx_word' id='word_1_340' title='bbox 413 3374 471 3408; x_wconf 77' lang='lat' dir='ltr'><strong>mos</strong></span> <span class='ocrx_word' id='word_1_341' title='bbox 486 3361 579 3408; x_wconf 69' lang='lat' dir='ltr'><strong>cosme</strong></span> <span class='ocrx_word' id='word_1_342' title='bbox 594 3360 705 3422; x_wconf 79' lang='lat' dir='ltr'><strong>quietrcn</strong></span> <span class='ocrx_word' id='word_1_343' title='bbox 721 3359 825 3407; x_wconf 63' lang='lat' dir='ltr'><strong>cidara.</strong></span> <span class='ocrx_word' id='word_1_344' title='bbox 859 3357 975 3407; x_wconf 81' lang='lat' dir='ltr'><strong>Iuvenal.</strong></span> <span class='ocrx_word' id='word_1_345' title='bbox 992 3358 1066 3409; x_wconf 81' lang='lat' dir='ltr'><strong>Satin</strong></span> <span class='ocrx_word' id='word_1_346' title='bbox 1084 3359 1159 3408; x_wconf 90' lang='lat' dir='ltr'>XIV.</span> <span class='ocrx_word' id='word_1_347' title='bbox 1183 3359 1237 3407; x_wconf 76' lang='lat' dir='ltr'><strong>lto.</strong></span> <span class='ocrx_word' id='word_1_348' title='bbox 1274 3361 1358 3418; x_wconf 79' lang='lat' dir='ltr'><strong>Quam</strong></span> <span class='ocrx_word' id='word_1_349' title='bbox 1382 3363 1406 3408; x_wconf 82' lang='lat' dir='ltr'><strong>si</strong></span> <span class='ocrx_word' id='word_1_350' title='bbox 1430 3378 1467 3409; x_wconf 89' lang='lat' dir='ltr'><strong>me</strong></span> 
     </span>
     <span class='ocr_line' id='line_1_34' title="bbox 336 3437 1466 3501; baseline 0 -12"><span class='ocrx_word' id='word_1_351' title='bbox 336 3446 388 3489; x_wconf 83' lang='lat' dir='ltr'><strong>toto</strong></span> <span class='ocrx_word' id='word_1_352' title='bbox 404 3440 489 3488; x_wconf 68' lang='lat' dir='ltr'><strong>madet</strong></span> <span class='ocrx_word' id='word_1_353' title='bbox 505 3440 600 3487; x_wconf 80' lang='lat' dir='ltr'><strong>ricinia</strong></span> <span class='ocrx_word' id='word_1_354' title='bbox 614 3453 686 3501; x_wconf 74' lang='lat' dir='ltr'><strong>papo.</strong></span> <span class='ocrx_word' id='word_1_355' title='bbox 720 3437 749 3487; x_wconf 92' lang='lat' dir='ltr'><strong>Si</strong></span> <span class='ocrx_word' id='word_1_356' title='bbox 764 3437 826 3486; x_wconf 90' lang='lat' dir='ltr'><strong>desit</strong></span> <span class='ocrx_word' id='word_1_357' title='bbox 841 3438 869 3486; x_wconf 95' lang='lat' dir='ltr'><strong>in</strong></span> <span class='ocrx_word' id='word_1_358' title='bbox 885 3437 932 3485; x_wconf 87' lang='lat' dir='ltr'><strong>hac</strong></span> <span class='ocrx_word' id='word_1_359' title='bbox 948 3437 1055 3486; x_wconf 84' lang='lat' dir='ltr'><strong>formula</strong></span> <span class='ocrx_word' id='word_1_360' title='bbox 1072 3444 1149 3497; x_wconf 78' lang='lat' dir='ltr'><strong>totos,</strong></span> <span class='ocrx_word' id='word_1_361' title='bbox 1166 3438 1313 3501; x_wconf 86' lang='lat' dir='ltr'><strong>praepositio</strong></span> <span class='ocrx_word' id='word_1_362' title='bbox 1322 3439 1407 3489; x_wconf 87' lang='lat' dir='ltr'><strong>deesse</strong></span> <span class='ocrx_word' id='word_1_363' title='bbox 1416 3455 1466 3489; x_wconf 93' lang='lat' dir='ltr'><strong>non</strong></span> 
     </span>
     <span class='ocr_line' id='line_1_35' title="bbox 336 3517 1465 3585; baseline -0.001 -16"><span class='ocrx_word' id='word_1_364' title='bbox 336 3525 423 3585; x_wconf 87' lang='lat' dir='ltr'><strong>potest.</strong></span> <span class='ocrx_word' id='word_1_365' title='bbox 455 3519 488 3568; x_wconf 91' lang='lat' dir='ltr'><strong>In</strong></span> <span class='ocrx_word' id='word_1_366' title='bbox 504 3517 626 3579; x_wconf 81' lang='lat' dir='ltr'><strong>singulari</strong></span> <span class='ocrx_word' id='word_1_367' title='bbox 642 3519 737 3566; x_wconf 69' lang='lat' dir='ltr'><strong>mosaic</strong></span> <span class='ocrx_word' id='word_1_368' title='bbox 753 3524 834 3566; x_wconf 88' lang='lat' dir='ltr'><strong>totum</strong></span> <span class='ocrx_word' id='word_1_369' title='bbox 851 3532 929 3581; x_wconf 83' lang='lat' dir='ltr'><strong>genus</strong></span> <span class='ocrx_word' id='word_1_370' title='bbox 946 3518 1097 3567; x_wconf 87' lang='lat' dir='ltr'><strong>ciconiarum</strong></span> <span class='ocrx_word' id='word_1_371' title='bbox 1113 3519 1248 3581; x_wconf 80' lang='lat' dir='ltr'><strong>cogitatur,</strong></span> <span class='ocrx_word' id='word_1_372' title='bbox 1258 3518 1337 3581; x_wconf 84' lang='lat' dir='ltr'><strong>igitur</strong></span> <span class='ocrx_word' id='word_1_373' title='bbox 1347 3525 1413 3568; x_wconf 85' lang='lat' dir='ltr'><strong>recte</strong></span> <span class='ocrx_word' id='word_1_374' title='bbox 1424 3522 1465 3569; x_wconf 88' lang='lat' dir='ltr'><strong>ad·</strong></span> 
     </span>
     <span class='ocr_line' id='line_1_36' title="bbox 337 3595 1468 3662; baseline 0.001 -15"><span class='ocrx_word' id='word_1_375' title='bbox 337 3599 450 3662; x_wconf 84' lang='lat' dir='ltr'><strong>iungitur</strong></span> <span class='ocrx_word' id='word_1_376' title='bbox 466 3599 540 3646; x_wconf 82' lang='lat' dir='ltr'><strong>nidis.</strong></span> <span class='ocrx_word' id='word_1_377' title='bbox 573 3597 700 3646; x_wconf 85' lang='lat' dir='ltr'><strong>Iuvenalis</strong></span> <span class='ocrx_word' id='word_1_378' title='bbox 718 3596 791 3646; x_wconf 86' lang='lat' dir='ltr'><strong>Satir.</strong></span> <span class='ocrx_word' id='word_1_379' title='bbox 809 3595 885 3646; x_wconf 86' lang='lat' dir='ltr'>XIV.</span> <span class='ocrx_word' id='word_1_380' title='bbox 902 3597 942 3649; x_wconf 77' lang='lat'><strong>75.</strong></span> <span class='ocrx_word' id='word_1_381' title='bbox 976 3599 1030 3647; x_wconf 86' lang='lat' dir='ltr'><strong>Hic</strong></span> <span class='ocrx_word' id='word_1_382' title='bbox 1051 3603 1090 3646; x_wconf 84' lang='lat' dir='ltr'><strong>eet</strong></span> <span class='ocrx_word' id='word_1_383' title='bbox 1110 3612 1167 3660; x_wconf 71' lang='lat' dir='ltr'><strong>erpo</strong></span> <span class='ocrx_word' id='word_1_384' title='bbox 1187 3599 1257 3647; x_wconf 72' lang='grc'><strong>111111</strong></span> <span class='ocrx_word' id='word_1_385' title='bbox 1273 3601 1358 3661; x_wconf 75' lang='lat' dir='ltr'><strong>tropei</strong></span> <span class='ocrx_word' id='word_1_386' title='bbox 1374 3613 1468 3662; x_wconf 83' lang='lat' dir='ltr'><strong>qaoque</strong></span> 
     </span>
     <span class='ocr_line' id='line_1_37' title="bbox 337 3676 1263 3739; baseline -0.001 -12"><span class='ocrx_word' id='word_1_387' title='bbox 337 3680 448 3727; x_wconf 79' lang='lat' dir='ltr'><strong>ruitaria</strong></span> <span class='ocrx_word' id='word_1_388' title='bbox 463 3683 487 3726; x_wconf 84' lang='lat' dir='ltr'><strong>ct</strong></span> <span class='ocrx_word' id='word_1_389' title='bbox 503 3691 529 3725; x_wconf 80' lang='lat' dir='ltr'><strong>te</strong></span> <span class='ocrx_word' id='word_1_390' title='bbox 553 3676 697 3735; x_wconf 71' lang='lat' dir='ltr'><strong>Pascentes,</strong></span> <span class='ocrx_word' id='word_1_391' title='bbox 713 3678 820 3738; x_wconf 83' lang='lat' dir='ltr'><strong>propria</strong></span> <span class='ocrx_word' id='word_1_392' title='bbox 836 3692 913 3739; x_wconf 83' lang='lat' dir='ltr'><strong>qaum</strong></span> <span class='ocrx_word' id='word_1_393' title='bbox 929 3679 982 3726; x_wconf 85' lang='lat' dir='ltr'><strong>iam</strong></span> <span class='ocrx_word' id='word_1_394' title='bbox 993 3678 1065 3738; x_wconf 77' lang='lat' dir='ltr'><strong>facit</strong></span> <span class='ocrx_word' id='word_1_395' title='bbox 1080 3679 1169 3726; x_wconf 81' lang='lat' dir='ltr'><strong>arbore</strong></span> <span class='ocrx_word' id='word_1_396' title='bbox 1184 3679 1263 3726; x_wconf 76' lang='lat' dir='ltr'><strong>nidor.</strong></span> 
     </span>
    </p>

    <p class='ocr_par' dir='ltr' id='par_1_9' title="bbox 337 3755 1469 4701">
     <span class='ocr_line' id='line_1_38' title="bbox 386 3755 1466 3820; baseline 0.001 -13"><span class='ocrx_word' id='word_1_397' title='bbox 386 3759 416 3808; x_wconf 87' lang='lat' dir='ltr'><strong>P.</strong></span> <span class='ocrx_word' id='word_1_398' title='bbox 435 3757 491 3806; x_wconf 82' lang='lat'>102.</span> <span class='ocrx_word' id='word_1_399' title='bbox 524 3756 1109 3820; x_wconf 65' lang='grc'><strong>,1111111111111111111111111111110111111111111111.</strong></span> <span class='ocrx_word' id='word_1_400' title='bbox 1138 3755 1175 3806; x_wconf 82' lang='grc'><strong>111</strong></span> <span class='ocrx_word' id='word_1_401' title='bbox 1185 3757 1213 3805; x_wconf 92' lang='lat' dir='ltr'><strong>in</strong></span> <span class='ocrx_word' id='word_1_402' title='bbox 1223 3755 1297 3806; x_wconf 89' lang='lat' dir='ltr'><strong>Livio</strong></span> <span class='ocrx_word' id='word_1_403' title='bbox 1307 3757 1466 3808; x_wconf 91' lang='lat' dir='ltr'>XXXVIII.</span> 
     </span>
     <span class='ocr_line' id='line_1_39' title="bbox 337 3837 1467 3900; baseline 0 -12"><span class='ocrx_word' id='word_1_404' title='bbox 337 3840 377 3888; x_wconf 78' lang='lat'><strong>55.</strong></span> <span class='ocrx_word' id='word_1_405' title='bbox 412 3841 473 3888; x_wconf 78' lang='lat' dir='ltr'><strong>ideo</strong></span> <span class='ocrx_word' id='word_1_406' title='bbox 488 3842 598 3900; x_wconf 82' lang='lat' dir='ltr'><strong>quotuor</strong></span> <span class='ocrx_word' id='word_1_407' title='bbox 613 3837 776 3884; x_wconf 80' lang='lat' dir='ltr'><strong>nobilissimos</strong></span> <span class='ocrx_word' id='word_1_408' title='bbox 792 3838 867 3885; x_wconf 77' lang='grc'><strong>111111</strong></span> <span class='ocrx_word' id='word_1_409' title='bbox 884 3839 1027 3886; x_wconf 76' lang='lat' dir='ltr'><strong>Pomorum</strong></span> <span class='ocrx_word' id='word_1_410' title='bbox 1043 3839 1071 3886; x_wconf 82' lang='lat' dir='ltr'><strong>io</strong></span> <span class='ocrx_word' id='word_1_411' title='bbox 1088 3839 1234 3900; x_wconf 77' lang='lat' dir='ltr'><strong>Hispania,</strong></span> <span class='ocrx_word' id='word_1_412' title='bbox 1251 3843 1360 3900; x_wconf 79' lang='lat' dir='ltr'><strong>quotuor</strong></span> <span class='ocrx_word' id='word_1_413' title='bbox 1375 3841 1467 3888; x_wconf 77' lang='lat' dir='ltr'><strong>exerci-</strong></span> 
     </span>
     <span class='ocr_line' id='line_1_40' title="bbox 337 3917 1467 3982; baseline -0.001 -13"><span class='ocrx_word' id='word_1_414' title='bbox 337 3927 379 3969; x_wconf 79' lang='lat' dir='ltr'><strong>tat</strong></span> <span class='ocrx_word' id='word_1_415' title='bbox 388 3919 467 3982; x_wconf 85' lang='lat' dir='ltr'><strong>fudit</strong></span> <span class='ocrx_word' id='word_1_416' title='bbox 475 3917 641 3980; x_wconf 61' lang='lat' dir='ltr'><strong>superestque,</strong></span> <span class='ocrx_word' id='word_1_417' title='bbox 660 3922 690 3964; x_wconf 83' lang='lat' dir='ltr'><strong>ut</strong></span> <span class='ocrx_word' id='word_1_418' title='bbox 706 3918 800 3964; x_wconf 67' lang='lat' dir='ltr'><strong>duom</strong></span> <span class='ocrx_word' id='word_1_419' title='bbox 825 3918 939 3965; x_wconf 73' lang='lat' dir='ltr'><strong>Petilliis</strong></span> <span class='ocrx_word' id='word_1_420' title='bbox 955 3920 1132 3966; x_wconf 75' lang='lat' dir='ltr'><strong>succurrberet.</strong></span> <span class='ocrx_word' id='word_1_421' title='bbox 1165 3917 1283 3966; x_wconf 87' lang='lat' dir='ltr'><strong>Notanda</strong></span> <span class='ocrx_word' id='word_1_422' title='bbox 1306 3917 1346 3965; x_wconf 90' lang='lat' dir='ltr'><strong>hic</strong></span> <span class='ocrx_word' id='word_1_423' title='bbox 1367 3925 1404 3966; x_wconf 86' lang='lat' dir='ltr'><strong>ost</strong></span> <span class='ocrx_word' id='word_1_424' title='bbox 1425 3936 1467 3968; x_wconf 84' lang='lat' dir='ltr'><strong>ra·</strong></span> 
     </span>
     <span class='ocr_line' id='line_1_41' title="bbox 338 3994 1468 4061; baseline -0.004 -12"><span class='ocrx_word' id='word_1_425' title='bbox 338 3999 455 4059; x_wconf 75' lang='grc' dir='ltr'><strong>κοζηλία,</strong></span> <span class='ocrx_word' id='word_1_426' title='bbox 473 4011 523 4061; x_wconf 90' lang='lat' dir='ltr'><strong>qua</strong></span> <span class='ocrx_word' id='word_1_427' title='bbox 538 3996 652 4045; x_wconf 89' lang='lat' dir='ltr'><strong>Velleius</strong></span> <span class='ocrx_word' id='word_1_428' title='bbox 663 3994 810 4044; x_wconf 87' lang='lat' dir='ltr'><strong>Paterculus</strong></span> <span class='ocrx_word' id='word_1_429' title='bbox 821 3996 918 4058; x_wconf 87' lang='lat' dir='ltr'><strong>saepius</strong></span> <span class='ocrx_word' id='word_1_430' title='bbox 929 3995 1031 4057; x_wconf 84' lang='lat' dir='ltr'><strong>loborat,</strong></span> <span class='ocrx_word' id='word_1_431' title='bbox 1048 4011 1123 4061; x_wconf 91' lang='lat' dir='ltr'><strong>quam</strong></span> <span class='ocrx_word' id='word_1_432' title='bbox 1134 3997 1298 4046; x_wconf 77' lang='lat' dir='ltr'><strong>Ruhnkcnica</strong></span> <span class='ocrx_word' id='word_1_433' title='bbox 1309 3997 1415 4046; x_wconf 83' lang='lat' dir='ltr'><strong>nonvult</strong></span> <span class='ocrx_word' id='word_1_434' title='bbox 1425 4013 1468 4061; x_wconf 83' lang='lat' dir='ltr'><strong>ag·</strong></span> 
     </span>
     <span class='ocr_line' id='line_1_42' title="bbox 337 4076 1467 4140; baseline -0.001 -15"><span class='ocrx_word' id='word_1_435' title='bbox 337 4092 451 4136; x_wconf 88' lang='lat' dir='ltr'><strong>noscere,</strong></span> <span class='ocrx_word' id='word_1_436' title='bbox 468 4092 526 4124; x_wconf 91' lang='lat' dir='ltr'><strong>nam</strong></span> <span class='ocrx_word' id='word_1_437' title='bbox 542 4077 619 4125; x_wconf 88' lang='lat' dir='ltr'><strong>latere</strong></span> <span class='ocrx_word' id='word_1_438' title='bbox 635 4091 693 4125; x_wconf 92' lang='lat' dir='ltr'><strong>eum</strong></span> <span class='ocrx_word' id='word_1_439' title='bbox 715 4091 765 4125; x_wconf 90' lang='lat' dir='ltr'><strong>non</strong></span> <span class='ocrx_word' id='word_1_440' title='bbox 781 4076 868 4138; x_wconf 89' lang='lat' dir='ltr'><strong>potuit.</strong></span> <span class='ocrx_word' id='word_1_441' title='bbox 901 4077 1013 4126; x_wconf 87' lang='lat' dir='ltr'><strong>Velleius</strong></span> <span class='ocrx_word' id='word_1_442' title='bbox 1030 4078 1051 4127; x_wconf 93' lang='lat' dir='ltr'><strong>I.</strong></span> <span class='ocrx_word' id='word_1_443' title='bbox 1071 4092 1108 4126; x_wconf 82' lang='lat' dir='ltr'><strong>xi.</strong></span> <span class='ocrx_word' id='word_1_444' title='bbox 1137 4078 1256 4136; x_wconf 77' lang='lat' dir='ltr'><strong>Quutaor</strong></span> <span class='ocrx_word' id='word_1_445' title='bbox 1266 4079 1339 4140; x_wconf 84' lang='lat' dir='ltr'><strong>fitioe</strong></span> <span class='ocrx_word' id='word_1_446' title='bbox 1353 4079 1467 4127; x_wconf 78' lang='lat' dir='ltr'><strong>curiatii.</strong></span> 
     </span>
     <span class='ocr_line' id='line_1_43' title="bbox 339 4152 1467 4220; baseline 0 -15"><span class='ocrx_word' id='word_1_447' title='bbox 339 4159 443 4207; x_wconf 81' lang='lat' dir='ltr'><strong>Mortui</strong></span> <span class='ocrx_word' id='word_1_448' title='bbox 457 4159 510 4206; x_wconf 77' lang='lat' dir='ltr'><strong>eiras</strong></span> <span class='ocrx_word' id='word_1_449' title='bbox 526 4158 617 4205; x_wconf 85' lang='lat' dir='ltr'><strong>lectam</strong></span> <span class='ocrx_word' id='word_1_450' title='bbox 630 4152 791 4206; x_wconf 71' lang='lat' dir='ltr'><strong>&#39;sustulerunt</strong></span> <span class='ocrx_word' id='word_1_451' title='bbox 806 4161 916 4219; x_wconf 82' lang='lat' dir='ltr'><strong>quatuor</strong></span> <span class='ocrx_word' id='word_1_452' title='bbox 933 4159 996 4220; x_wconf 82' lang='lat' dir='ltr'><strong>filii.</strong></span> <span class='ocrx_word' id='word_1_453' title='bbox 1031 4157 1144 4220; x_wconf 74' lang='lat' dir='ltr'><strong>cuperus</strong></span> <span class='ocrx_word' id='word_1_454' title='bbox 1166 4163 1276 4220; x_wconf 81' lang='lat' dir='ltr'><strong>quotuor</strong></span> <span class='ocrx_word' id='word_1_455' title='bbox 1289 4157 1343 4219; x_wconf 82' lang='lat' dir='ltr'><strong>filii</strong></span> <span class='ocrx_word' id='word_1_456' title='bbox 1365 4156 1467 4206; x_wconf 89' lang='lat' dir='ltr'><strong>delebat.</strong></span> 
     </span>
     <span class='ocr_line' id='line_1_44' title="bbox 338 4235 1468 4300; baseline -0.003 -13"><span class='ocrx_word' id='word_1_457' title='bbox 338 4237 504 4287; x_wconf 84' lang='lat' dir='ltr'><strong>Ruhnkenius</strong></span> <span class='ocrx_word' id='word_1_458' title='bbox 520 4243 624 4284; x_wconf 86' lang='lat' dir='ltr'><strong>annotat</strong></span> <span class='ocrx_word' id='word_1_459' title='bbox 643 4236 781 4294; x_wconf 88' lang='lat' dir='ltr'><strong>neminem,</strong></span> <span class='ocrx_word' id='word_1_460' title='bbox 801 4235 878 4285; x_wconf 87' lang='lat' dir='ltr'><strong>semel</strong></span> <span class='ocrx_word' id='word_1_461' title='bbox 893 4238 1031 4297; x_wconf 90' lang='lat' dir='ltr'><strong>monitum,</strong></span> <span class='ocrx_word' id='word_1_462' title='bbox 1053 4251 1083 4286; x_wconf 90' lang='lat' dir='ltr'><strong>ea</strong></span> <span class='ocrx_word' id='word_1_463' title='bbox 1104 4236 1180 4286; x_wconf 85' lang='lat' dir='ltr'><strong>verba</strong></span> <span class='ocrx_word' id='word_1_464' title='bbox 1202 4236 1385 4300; x_wconf 86' lang='lat' dir='ltr'><strong>requisiturum.</strong></span> <span class='ocrx_word' id='word_1_465' title='bbox 1419 4235 1468 4286; x_wconf 89' lang='lat' dir='ltr'><strong>Sed</strong></span> 
     </span>
     <span class='ocr_line' id='line_1_45' title="bbox 338 4315 1469 4382; baseline -0.001 -16"><span class='ocrx_word' id='word_1_466' title='bbox 338 4318 460 4382; x_wconf 89' lang='lat' dir='ltr'><strong>quomodo</strong></span> <span class='ocrx_word' id='word_1_467' title='bbox 476 4316 540 4364; x_wconf 89' lang='lat' dir='ltr'><strong>ferre</strong></span> <span class='ocrx_word' id='word_1_468' title='bbox 555 4315 635 4378; x_wconf 92' lang='lat' dir='ltr'><strong>potuit</strong></span> <span class='ocrx_word' id='word_1_469' title='bbox 651 4316 734 4363; x_wconf 89' lang='lat' dir='ltr'><strong>lusum</strong></span> <span class='ocrx_word' id='word_1_470' title='bbox 750 4316 777 4364; x_wconf 94' lang='lat' dir='ltr'><strong>in</strong></span> <span class='ocrx_word' id='word_1_471' title='bbox 792 4319 901 4366; x_wconf 78' lang='lat' dir='ltr'><strong>sustulit</strong></span> <span class='ocrx_word' id='word_1_472' title='bbox 917 4324 942 4366; x_wconf 89' lang='lat' dir='ltr'><strong>et</strong></span> <span class='ocrx_word' id='word_1_473' title='bbox 958 4319 1132 4367; x_wconf 79' lang='lat' dir='ltr'><strong>ruataleruut?</strong></span> <span class='ocrx_word' id='word_1_474' title='bbox 1160 4317 1235 4366; x_wconf 83' lang='lat' dir='ltr'><strong>Recte</strong></span> <span class='ocrx_word' id='word_1_475' title='bbox 1245 4316 1469 4379; x_wconf 72' lang='lat' dir='ltr'><strong>initlpigrammatc</strong></span> 
     </span>
     <span class='ocr_line' id='line_1_46' title="bbox 338 4396 1467 4460; baseline -0.004 -12"><span class='ocrx_word' id='word_1_476' title='bbox 338 4399 382 4448; x_wconf 92' lang='lat' dir='ltr'><strong>illo</strong></span> <span class='ocrx_word' id='word_1_477' title='bbox 399 4401 429 4447; x_wconf 91' lang='lat' dir='ltr'><strong>de</strong></span> <span class='ocrx_word' id='word_1_478' title='bbox 443 4398 556 4454; x_wconf 84' lang='lat' dir='ltr'><strong>Nerone,</strong></span> <span class='ocrx_word' id='word_1_479' title='bbox 573 4396 644 4458; x_wconf 89' lang='lat' dir='ltr'><strong>quasi</strong></span> <span class='ocrx_word' id='word_1_480' title='bbox 659 4410 693 4443; x_wconf 88' lang='lat' dir='ltr'><strong>ex</strong></span> <span class='ocrx_word' id='word_1_481' title='bbox 709 4397 785 4459; x_wconf 88' lang='lat' dir='ltr'><strong>stirpe</strong></span> <span class='ocrx_word' id='word_1_482' title='bbox 801 4396 916 4446; x_wconf 87' lang='lat' dir='ltr'><strong>Aeneae:</strong></span> <span class='ocrx_word' id='word_1_483' title='bbox 938 4398 1047 4446; x_wconf 80' lang='lat' dir='ltr'><strong>sustulit</strong></span> <span class='ocrx_word' id='word_1_484' title='bbox 1064 4399 1104 4446; x_wconf 87' lang='lat' dir='ltr'><strong>bic</strong></span> <span class='ocrx_word' id='word_1_485' title='bbox 1123 4403 1242 4455; x_wconf 82' lang='lat' dir='ltr'><strong>matrem,</strong></span> <span class='ocrx_word' id='word_1_486' title='bbox 1255 4400 1361 4446; x_wconf 80' lang='lat' dir='ltr'><strong>sustulit</strong></span> <span class='ocrx_word' id='word_1_487' title='bbox 1371 4399 1413 4445; x_wconf 81' lang='lat' dir='ltr'><strong>ille</strong></span> <span class='ocrx_word' id='word_1_488' title='bbox 1425 4412 1467 4460; x_wconf 82' lang='lat' dir='ltr'><strong>po-</strong></span> 
     </span>
     <span class='ocr_line' id='line_1_47' title="bbox 340 4475 1469 4541; baseline -0.003 -13"><span class='ocrx_word' id='word_1_489' title='bbox 340 4488 411 4530; x_wconf 83' lang='lat' dir='ltr'><strong>trem.</strong></span> <span class='ocrx_word' id='word_1_490' title='bbox 445 4478 519 4541; x_wconf 77' lang='lat' dir='ltr'><strong>Quod</strong></span> <span class='ocrx_word' id='word_1_491' title='bbox 533 4475 664 4540; x_wconf 89' lang='lat' dir='ltr'><strong>pulchrum</strong></span> <span class='ocrx_word' id='word_1_492' title='bbox 681 4477 760 4525; x_wconf 87' lang='lat' dir='ltr'><strong>estin</strong></span> <span class='ocrx_word' id='word_1_493' title='bbox 777 4478 979 4540; x_wconf 79' lang='lat' dir='ltr'><strong>Epigrammata,</strong></span> <span class='ocrx_word' id='word_1_494' title='bbox 996 4492 1068 4541; x_wconf 87' lang='lat' dir='ltr'><strong>saepe</strong></span> <span class='ocrx_word' id='word_1_495' title='bbox 1085 4478 1253 4541; x_wconf 86' lang='lat' dir='ltr'><strong>turpissimum</strong></span> <span class='ocrx_word' id='word_1_496' title='bbox 1271 4477 1351 4525; x_wconf 90' lang='lat' dir='ltr'><strong>estin</strong></span> <span class='ocrx_word' id='word_1_497' title='bbox 1367 4477 1469 4526; x_wconf 87' lang='lat' dir='ltr'><strong>historia</strong></span> 
     </span>
     <span class='ocr_line' id='line_1_48' title="bbox 339 4557 1468 4621; baseline 0.001 -15"><span class='ocrx_word' id='word_1_498' title='bbox 339 4573 450 4607; x_wconf 87' lang='lat' dir='ltr'><strong>acumen.</strong></span> <span class='ocrx_word' id='word_1_499' title='bbox 475 4557 545 4607; x_wconf 80' lang='lat' dir='ltr'><strong>Etsi</strong></span> <span class='ocrx_word' id='word_1_500' title='bbox 561 4563 645 4605; x_wconf 85' lang='lat' dir='ltr'><strong>auctor</strong></span> <span class='ocrx_word' id='word_1_501' title='bbox 664 4557 856 4619; x_wconf 77' lang='lat' dir='ltr'><strong>Epigrammatis</strong></span> <span class='ocrx_word' id='word_1_502' title='bbox 873 4557 1006 4606; x_wconf 84' lang='lat' dir='ltr'><strong>addidisset</strong></span> <span class='ocrx_word' id='word_1_503' title='bbox 1023 4559 1146 4616; x_wconf 80' lang='lat' dir='ltr'><strong>barrseros,</strong></span> <span class='ocrx_word' id='word_1_504' title='bbox 1162 4557 1251 4621; x_wconf 91' lang='lat' dir='ltr'><strong>quibus</strong></span> <span class='ocrx_word' id='word_1_505' title='bbox 1263 4558 1363 4608; x_wconf 87' lang='lat' dir='ltr'><strong>Aeneas</strong></span> <span class='ocrx_word' id='word_1_506' title='bbox 1374 4563 1468 4621; x_wconf 88' lang='lat' dir='ltr'><strong>patrem</strong></span> 
     </span>
     <span class='ocr_line' id='line_1_49' title="bbox 341 4637 1042 4701; baseline -0.001 -15"><span class='ocrx_word' id='word_1_507' title='bbox 341 4637 451 4695; x_wconf 88' lang='lat' dir='ltr'><strong>sustulit,</strong></span> <span class='ocrx_word' id='word_1_508' title='bbox 467 4637 616 4700; x_wconf 87' lang='lat' dir='ltr'><strong>corrupisset</strong></span> <span class='ocrx_word' id='word_1_509' title='bbox 631 4637 728 4695; x_wconf 89' lang='lat' dir='ltr'><strong>lusum,</strong></span> <span class='ocrx_word' id='word_1_510' title='bbox 745 4638 787 4701; x_wconf 94' lang='lat' dir='ltr'><strong>qui</strong></span> <span class='ocrx_word' id='word_1_511' title='bbox 804 4653 872 4687; x_wconf 91' lang='lat' dir='ltr'><strong>nunc</strong></span> <span class='ocrx_word' id='word_1_512' title='bbox 888 4638 982 4688; x_wconf 85' lang='lat' dir='ltr'><strong>facetus</strong></span> <span class='ocrx_word' id='word_1_513' title='bbox 999 4644 1042 4687; x_wconf 90' lang='lat' dir='ltr'><strong>est.</strong></span> 
     </span>
    </p>

    <p class='ocr_par' dir='ltr' id='par_1_10' title="bbox 390 4717 1469 4782">
     <span class='ocr_line' id='line_1_50' title="bbox 390 4717 1469 4782; baseline 0 -16"><span class='ocrx_word' id='word_1_514' title='bbox 390 4719 419 4766; x_wconf 87' lang='lat' dir='ltr'><strong>P.</strong></span> <span class='ocrx_word' id='word_1_515' title='bbox 440 4718 492 4768; x_wconf 81' lang='lat'><strong>103.</strong></span> <span class='ocrx_word' id='word_1_516' title='bbox 529 4717 613 4768; x_wconf 81' lang='lat' dir='ltr'><strong>Cornu</strong></span> <span class='ocrx_word' id='word_1_517' title='bbox 630 4720 685 4782; x_wconf 80' lang='lat' dir='ltr'><strong>ipse</strong></span> <span class='ocrx_word' id='word_1_518' title='bbox 702 4718 787 4768; x_wconf 80' lang='lat' dir='ltr'><strong>bilibri</strong></span> <span class='ocrx_word' id='word_1_519' title='bbox 821 4719 942 4768; x_wconf 83' lang='lat' dir='ltr'><strong>Cautibus</strong></span> <span class='ocrx_word' id='word_1_520' title='bbox 958 4720 1077 4769; x_wconf 80' lang='lat' dir='ltr'><strong>instillat.</strong></span> <span class='ocrx_word' id='word_1_521' title='bbox 1113 4718 1241 4769; x_wconf 89' lang='lat' dir='ltr'><strong>Bentlcius</strong></span> <span class='ocrx_word' id='word_1_522' title='bbox 1259 4719 1342 4768; x_wconf 85' lang='lat' dir='ltr'><strong>haeret</strong></span> <span class='ocrx_word' id='word_1_523' title='bbox 1359 4719 1469 4767; x_wconf 85' lang='lat' dir='ltr'><strong>interdi-</strong></span> 
     </span>
    </p>
   </div>
   <div class='ocr_carea' id='block_1_4' title="bbox 0 0 1898 5759">
    <p class='ocr_par' dir='ltr' id='par_1_11' title="bbox 0 0 1898 5759">
     <span class='ocr_line' id='line_1_51' title="bbox 0 0 1898 5759; baseline 0 0"><span class='ocrx_word' id='word_1_524' title='bbox 0 0 1898 5759; x_wconf 95' lang='lat' dir='ltr'><strong> </strong></span> 
     </span>
    </p>
   </div>
  </div>
 </body>
</html>
