3750 5759
370 724 432 785 124
768 712 1114 783 SATIRARUM

415 911 566 977 Gaudeat
589 915 626 974 ut
649 907 791 995 populus
816 905 941 971 Priami
965 903 1180 988 Priamusque
1203 903 1393 985 inhumatO,

414 1016 477 1080 Per
500 1035 598 1100 quem
622 1017 672 1078 tot
695 1012 827 1077 iuvenes
851 1009 958 1095 patrio
982 1029 1112 1073 caruere
1135 1006 1327 1092 sepulcro?“

416 1117 534 1201 „Mille
557 1117 668 1181 ovium
693 1115 828 1180 insanus
852 1113 953 1178 morti
975 1111 1084 1195 dedit,
1109 1111 1271 1195 inclytum
1295 1110 1431 1177 Ulixem

413 1221 458 1285 Et
482 1219 669 1285 Menelaum
693 1240 759 1282 una
781 1238 912 1282 mecum
936 1238 971 1281 se
994 1214 1138 1280 occidere
1161 1214 1344 1280 clamans.“

414 1324 502 1408 „Tu‚
527 1345 629 1409 quum
651 1344 710 1408 pro
735 1321 841 1387 vitula
864 1319 984 1385 statuis
1008 1318 1138 1383 dulcem
1160 1317 1283 1383 Aulide
1306 1322 1421 1383 natam

412 1428 501 1492 Ante
524 1448 615 1509 aras,
640 1424 832 1511 spargisque
857 1423 946 1487 mola
968 1426 1086 1507 caput,
1111 1422 1275 1507 improbe,
1300 1421 1399 1504 salsa,

413 1531 553 1595 Rectum
561 1528 819 1613 animiflservasffl
831 1525 1056 1610 „Quorsum?“
1067 1526 1231 1608 „insanus
1239 1524 1318 1610 quid
1327 1524 1415 1589 enim
1422 1524 1510 1589 Aiax

413 1633 521 1716 Fecit,
547 1654 649 1718 quum
673 1631 791 1697 stravit
814 1630 897 1695 ferro
921 1632 1043 1714 pecus?
1086 1628 1262 1694 Abstinuit
1284 1628 1353 1694 vim

413 1737 521 1813 Uxore
544 1742 578 1801 et
597 1741 716 1821 gnat03
740 1735 829 1800 mala
851 1735 959 1799 multa
981 1738 1132 1820 precatus
1156 1733 1303 1816 Atridis,

412 1839 487 1905 Non
509 1839 567 1905 ille
590 1845 648 1905 aut
671 1840 829 1905 Teucrum
852 1843 910 1904 aut
933 1838 1044 1924 ipsum
1066 1837 1204 1903 violavit
1228 1837 1399 1904 Ulixem.“

415 1944 560 2027 „Verum
584 1966 662 2030 ego,
686 1949 726 2009 ut
747 1943 917 2008 haerentes
943 1943 1077 2008 adverso
1103 1943 1137 2007 in
1160 1942 1255 2008 litore
1279 1964 1379 2007 naves

413 2047 596 2133 Eriperem‚
620 2047 763 2133 prudens
787 2046 915 2132 placavi
939 2045 1100 2131 sanguine
1124 2045 1252 2111 divos.“

413 2153 562 2237 „Nempe
586 2157 659 2236 tuo,
684 2151 847 2216 furiosel“
896 2151 1010 2233 ,‚Meo,
1036 2150 1181 2214 sednon
1205 2149 1384 2214 furiosus.“

414 2256 502 2340 „Qui
526 2256 649 2341 species
673 2255 754 2321 alias
778 2253 847 2320 veri
871 2254 1066 2339 scelerisque
1090 2254 1236 2319 tumultu

390 2442 392 2445 ι
415 2359 599 2424 Permixtas
623 2357 747 2445 capiet,
772 2362 955 2423 commotus
980 2358 1169 2441 habebitur,
1194 2363 1292 2443 atque

410 2505 503 2552 Verum
520 2518 560 2566 eqo
577 2510 607 2552 ut
624 2506 754 2553 haerentes
771 2505 876 2552 aduerso
891 2489 929 2551 iu⁵
959 2504 1052 2552 certum
1067 2504 1154 2566 prodit
1171 2503 1302 2562 numeria,
1315 2503 1387 2551 sidus
1400 2503 1511 2551 Arcturi

368 2584 441 2631 litore
468 2599 544 2632 uoces
580 2585 720 2645 Eriperem.
758 2583 817 2632 Non
846 2582 918 2631 facile
960 2584 1079 2644 crucibus
1094 2584 1182 2646 offecit
1199 2583 1305 2631 casibus.

367 2659 514 2723 intelligitur
526 2663 585 2725 quid
597 2662 629 2709 sit
639 2661 697 2709 litus
706 2663 848 2711 cucusum.
865 2662 917 2711 Ve-
995 2663 1092 2722 Nempe
1109 2668 1164 2720 tuo,
1179 2661 1289 2724 furiose.
1323 2660 1391 2709 Meo.
1426 2660 1511 2710 Plant.

368 2740 419 2788 riae
436 2741 649 2802 interpretationes
661 2747 790 2789 testentur.
818 2740 919 2803 Optime
961 2740 1045 2791 Casiri.
1062 2740 1097 2789 V.
1115 2739 1250 2789 ratast.
1272 2742 1342 2789 Tuae
1348 2740 1415 2803 fidei
1423 2744 1510 2791 credo?

367 2821 577 2880 Wustemannus,
595 2823 668 2871 litore
688 2823 798 2877 Graeco,
815 2822 919 2869 adverso
961 2820 1000 2869 cl.
1019 2821 1100 2869 Meae.

367 2898 404 2947 illi
420 2899 499 2958 litori,
517 2900 620 2957 Troico,
637 2901 664 2947 in
681 2914 730 2963 quo
741 2901 919 2963 Agamemnon
998 2901 1051 2958 Qut
1075 2902 1168 2962 speeies
1193 2900 1258 2947 actm
1283 2901 1336 2948 ceri
1363 2902 1511 2964 scelereque

366 2977 484 3042 loquitur.
520 2978 570 3028 Sed
595 2979 636 3028 vel
661 2980 696 3028 sic
719 2982 850 3028 aduersum
866 2986 918 3027 tam
961 2982 1073 3027 tumultu
1109 2980 1256 3027 Permixtas
1268 2979 1357 3040 cupiet.
1382 2978 1510 3029 Bentleius

366 3073 454 3122 parum
464 3059 597 3122 significat,
609 3059 729 3108 utabesse
740 3058 834 3107 malles.
851 3059 918 3107 Nam
961 3058 1104 3121 distinguit:
1125 3060 1176 3117 Qut
1192 3061 1285 3121 species
1301 3059 1381 3115 clius,
1397 3060 1511 3107 verisce-

367 3152 424 3185 cum
449 3139 581 3200 praecessit
607 3139 700 3187 Aulide
725 3140 785 3187 satis
803 3147 918 3203 apparet.
961 3140 1069 3201 terisque
1094 3140 1206 3186 tumultu
1246 3139 1395 3186 Permixtas
1420 3140 1511 3201 cupiet.

367 3216 411 3263 ubi
421 3231 497 3265 neves
510 3216 619 3267 Graecae
631 3217 763 3267 haeserint.
787 3218 854 3279 Quid
865 3233 919 3267 sen·
962 3216 1069 3267 Coniicit
1086 3231 1183 3279 quoque
1203 3218 1292 3279 spectes
1306 3218 1395 3279 sulem
1411 3217 1453 3267 vel
1469 3234 1511 3267 ea·

368 3296 444 3344 tentia
461 3303 559 3359 poscat,
577 3311 626 3345 non
643 3303 681 3344 est
696 3297 837 3345 obscurum.
866 3298 919 3346 Ad·
962 3313 1016 3347 uus.
1049 3296 1196 3346 Horkelius:
1219 3297 1385 3356 alterceris,
1407 3298 1511 3346 cerebri·

368 3391 440 3424 versa
460 3391 549 3439 nempe
565 3383 698 3439 tempestas
720 3376 842 3426 Graecam
860 3378 919 3426 clas-
962 3392 1010 3439 que
1035 3378 1148 3426 tumultu
1177 3378 1335 3424 Peumata-s.
1378 3377 1510 3440 Apitzius:

368 3458 463 3506 semin
480 3456 575 3505 Aulide
597 3456 703 3504 tenebat.
736 3456 821 3505 Nares
843 3457 877 3505 ibi
894 3459 920 3505 in
962 3460 1028 3505 ultus
1047 3459 1111 3506 ceris
1128 3458 1262 3520 celerisque
1281 3457 1328 3505 hoc
1349 3466 1387 3506 cst
1408 3461 1512 3518 celeres,

368 3537 440 3587 litore
465 3537 613 3593 haerebant,
641 3537 710 3599 quasi
738 3537 792 3585 solo
820 3537 920 3586 infixae·
962 3544 991 3585 ut
1007 3538 1033 3585 in
1051 3537 1136 3588 Carm.
1153 3539 1175 3587 Ι.
1188 3553 1246 3586 xvr.
1257 3540 1298 3587 24.
1314 3540 1401 3588 celeris
1411 3541 1511 3590 iambos.

304 3622 308 3631 ’
369 3616 467 3665 Deduoi
478 3630 529 3663 non
552 3622 666 3678 poterant
682 3615 713 3663 ob
726 3623 813 3665 ventos
825 3632 921 3682 semper
963 3618 1028 3666 Mihi
1048 3618 1073 3665 in
1100 3625 1208 3667 mentem
1233 3619 1314 3668 venit:
1342 3621 1396 3678 Qui
1420 3622 1513 3683 spectes

369 3696 514 3743 contrarios.
539 3696 654 3743 Fortasse
665 3696 812 3759 legendum:
831 3700 921 3747 Verum
956 3698 1045 3761 fetrus
1061 3699 1115 3745 ueri
1131 3700 1279 3760 scelerisque
1301 3700 1413 3747 tumultu
1447 3702 1511 3749 Per-

369 3791 412 3837 cyo
428 3781 457 3822 ut
472 3777 601 3823 haerentes
619 3777 722 3824 aduerso
733 3778 768 3825 ibt
785 3779 866 3827 sidere
877 3795 921 3827 uu·
963 3779 1049 3826 miscet
1065 3779 1165 3840 cupitis.
1199 3776 1250 3838 Qui
1265 3778 1370 3841 concipit
1386 3778 1512 3830 falsusrev

370 3868 411 3903 ces
430 3855 573 3915 Eriperem.
608 3852 723 3903 Siderum
740 3864 809 3904 ortus
826 3856 866 3905 vel
883 3872 921 3907 oc·
963 3872 1020 3907 rum
1036 3861 1140 3922 species,
1158 3874 1203 3908 nec
1219 3858 1298 3908 scelus
1315 3876 1330 3908 a
1347 3876 1406 3910 vero
1422 3863 1511 3911 discer-

370 3945 442 3980 casus
453 3932 548 3981 veriam
559 3941 728 3997 tempestatem
737 3935 838 3985 faciunt.
856 3937 923 3986 Hinc
965 3939 1014 3997 nit,
1035 3940 1079 3987 sed
1095 3954 1125 3988 ea
1140 3940 1252 3988 tumultu
1268 3941 1355 4003 capitis
1371 3941 1511 4004 permiscet.

370 4012 441 4059 sidus
458 4012 601 4069 hibernum,
622 4016 769 4072 aduersum,
781 4015 846 4064 idem
857 4017 923 4079 quod
965 4016 1040 4066 Satir.
1057 4019 1094 4067 Π.
1112 4033 1140 4068 11.
1158 4021 1197 4071 73.
1215 4026 1245 4068 ut
1261 4022 1337 4069 simut
1354 3997 1509 4071 ussis'Mis·

369 4092 541 4154 procellosum.
587 4092 661 4156 Virg.
693 4095 759 4144 Aen.
788 4096 836 4145 IV.
865 4097 921 4145 309.
964 4100 1047 4147 rueris
1067 4100 1151 4158 cliro,
1176 4100 1252 4147 simul
1267 4102 1399 4162 ceuclrylla
1417 4103 1510 4160 turdis,

372 4171 485 4222 Hiberae
510 4174 605 4221 moliris
626 4176 705 4224 sidere
726 4177 838 4225 classem.
872 4177 922 4226 Lu·
965 4180 1062 4227 Dulcia
1084 4194 1111 4227 se
1131 4182 1159 4226 tn
1184 4180 1257 4227 bilem
1280 4185 1391 4238 certeut,
1418 4187 1510 4231 stoma·

373 4266 427 4300 can.
444 4250 478 4299 V.
504 4250 561 4300 408.
584 4255 693 4314 pavidus
719 4256 820 4303 hiberno
844 4258 925 4314 sidere>
963 4258 1055 4319 chaque
1072 4258 1210 4306 tumultum
1228 4258 1390 4321 Leutaseret
1404 4262 1511 4322 pituita.

372 4334 470 4381 classes.
497 4329 568 4380 Conf.
581 4330 690 4381 Gronov.
703 4332 872 4384 obseram.
885 4338 922 4386 15.
962 4334 1024 4383 Vox
1041 4338 1166 4384 tumultus
1181 4338 1432 4400 saepeadauimum,
1445 4356 1513 4391 meu·

373 4410 563 4473 Agamemnon,
582 4410 658 4458 Troia
674 4420 812 4474 revertens,
826 4414 875 4464 tale
890 4419 922 4465 st·
964 4421 1013 4465 tem
1029 4415 1145 4465 refertur:
1167 4424 1245 4480 caput
1266 4418 1346 4483 magis
1367 4427 1405 4469 est
1426 4420 1510 4471 sauri-

373 4491 422 4538 dus
449 4496 565 4553 expertus
593 4496 637 4540 est.
670 4492 745 4555 Virg.
779 4495 845 4544 Aen.
874 4495 921 4551 XI¹
963 4508 1028 4543 cum.
1062 4496 1103 4544 Ita
1120 4497 1192 4547 Satir.
1210 4496 1245 4547 11.
1263 4512 1301 4545 vr.
1318 4500 1358 4548 34.
1375 4502 1510 4551 alienaru-

374 4570 576 4619 259.sce'ttrtste
594 4569 727 4620 Mlueruue
741 4573 854 4624 Siduset
868 4577 921 4623 Eu·
962 4576 1032 4637 potia
1052 4582 1150 4625 certum
1168 4592 1213 4638 per
1237 4584 1315 4641 caput
1338 4580 1447 4627 saliunt.
1479 4580 1510 4628 In

375 4649 457 4697 bolcce
472 4656 564 4699 cautes.
599 4648 699 4700 Solinus
717 4651 765 4699 XI.
800 4655 921 4717 Arctoum
964 4652 1164 4703 Commentators
1188 4663 1225 4704 est
1245 4658 1337 4705 mentis
1360 4660 1509 4720 eudemone,

375 4728 477 4777 classem
493 4731 532 4779 cel
548 4730 681 4781 Minervae
702 4733 759 4789 ira,
784 4735 834 4792 vel,
858 4736 923 4796 quod
963 4734 1029 4795 quod
1045 4749 1093 4782 non
1119 4734 1201 4783 differt
1226 4750 1241 4782 a
1266 4739 1377 4785 tumultu
1402 4739 1509 4801 sauritim
