3750 5759
858 727 898 734 —-
1403 708 1448 747 vlt

306 881 459 942 matrona,
488 873 602 928 clarum
629 880 659 927 et.
685 871 751 946 ipsa
777 888 884 926 nomen
914 869 1001 925 editis
1024 868 1161 943 Dialogis
1184 869 1306 944 adepta,
1329 869 1447 939 audivi;

306 977 361 1033 sed
383 985 454 1033 aute
477 977 577 1033 omnia
598 977 671 1034 mihi
693 975 829 1033 constitit
851 994 889 1031 ex
906 974 1164 1049 ephemeridibus,
1187 974 1296 1048 quibus
1312 975 1450 1051 Wytten·

306 1081 448 1153 bachius,
475 1090 597 1157 praeter
623 1092 750 1156 accepta
780 1090 811 1138 et
837 1098 985 1157 expensa,
1014 1080 1074 1137 alia
1101 1098 1235 1153 quoque,
1273 1100 1355 1138 more
1391 1083 1450 1140 Lu·

307 1185 385 1257 cilii,
415 1186 499 1242 velut
530 1187 598 1243 fidis
628 1185 780 1243 sodalibus
814 1185 967 1241 credebat.
1010 1185 1048 1242 In
1079 1185 1127 1240 his
1159 1184 1350 1256 brevissime,
1389 1205 1448 1243 uno

307 1310 400 1367 saepe
422 1292 530 1361 verbo,
553 1290 752 1360 Neerlando,
767 1289 898 1360 Franco,
926 1287 1052 1360 Latino,
1080 1291 1261 1361 annotabat,
1286 1291 1365 1363 quod
1392 1291 1448 1349 sibi

307 1415 430 1470 quoque
456 1394 503 1453 die
527 1395 671 1470 cuiusque
695 1394 806 1452 mensis
829 1403 859 1452 et
881 1392 954 1450 anni
976 1402 1095 1468 gratum
1114 1390 1162 1450 v'el
1184 1395 1349 1468 ingratum,
1370 1400 1448 1455 bene

309 1504 358 1559 vel
381 1520 468 1559 secus
491 1503 627 1561 evenisse
651 1509 798 1578 putasset.

350 1605 498 1664 Boschius
533 1625 579 1663 me
612 1616 675 1663 tum
707 1605 831 1663 comiter
862 1604 997 1680 excepit,
1029 1614 1063 1661 ut
1085 1605 1290 1664 adolescentes
1314 1610 1449 1667 discendi

308 1713 415 1769 avidos
438 1713 578 1788 excipere
601 1713 725 1769 solebat.
763 1711 939 1769 Sermonem
961 1712 1003 1767 sic
1020 1711 1058 1766 ad
1073 1729 1172 1767 meum
1188 1721 1310 1786 captum
1326 1714 1448 1786 direxit,

308 1827 344 1873 ut
364 1817 466 1873 multis
488 1816 659 1891 praeceptis
683 1815 774 1872 ditior
795 1817 885 1872 abeo
903 1814 1105 1887 discesserim,
1126 1817 1259 1874 lucratus
1275 1827 1446 1894 praeterea,

308 1931 343 1978 ut
365 1922 442 1993 dixi,
466 1922 605 1978 notitiam
627 1921 762 1996 nepotis,
785 1938 804 1975 a
826 1938 885 1993 quo
908 1938 935 1976 a.
959 1934 1125 1978 uncooxvx
1142 1922 1265 1979 mirifice
1282 1926 1403 1982 adiutus
1420 1936 1451 1983 et

308 2038 433 2086 ornatus
455 2028 512 2098 fui,
535 2045 664 2101 quocum
687 2026 826 2082 Harlemi
847 2035 881 2083 ut
902 2025 998 2082 frater
1022 2045 1088 2082 cum
1111 2027 1205 2084 fratre
1229 2029 1301 2086 vixi.

351 2133 406 2190 Ille
432 2131 463 2188 in
491 2130 630 2188 Ecclesia
652 2131 734 2187 haud
756 2131 799 2187 ita
820 2149 943 2204 magna,
968 2131 1043 2187 duos
1068 2132 1185 2188 habens
1208 2134 1357 2208 collegas,
1380 2136 1450 2192 viri·

309 2239 370 2294 lem
398 2245 512 2313 partem
542 2245 576 2294 ut
604 2236 692 2294 facile
719 2235 799 2293 tueri
824 2244 958 2310 poterat,
982 2235 1025 2292 ita
1048 2238 1192 2294 tuebatur
1213 2240 1340 2314 egregie.
1384 2239 1451 2299 Ser-

310 2359 413 2399 mones
438 2360 457 2398 a
483 2341 633 2415 frequenti
662 2351 692 2399 et
717 2349 835 2398 attenta
864 2341 1007 2398 concione
1035 2342 1246 2400 audiebantur.
1289 2344 1449 2418 Regnabat

284 2502 296 2522 ‚
310 2448 342 2503 in
364 2446 411 2502 his
433 2447 606 2520 eloquentia
629 2466 713 2504 sacro
736 2455 913 2521 argumento
937 2456 1022 2522 apta,
1054 2448 1150 2504 oratio
1173 2449 1315 2524 simplex,
1338 2450 1452 2527 perspi·

310 2571 382 2623 cua,
408 2553 525 2627 gravis,
548 2553 661 2623 facilis,
685 2561 719 2608 ut
741 2571 757 2608 e
779 2560 900 2627 pectore
923 2553 1065 2608 fluentem
1087 2553 1223 2610 sentires.
1265 2554 1351 2612 Nihil
1369 2554 1450 2612 eiad

312 2657 543 2715 ostentationem
566 2668 619 2715 aut
641 2659 833 2715 excitandam
854 2658 1008 2713 hominum
1034 2655 1262 2715 admirationem
1285 2659 1389 2716 exibat
1411 2679 1451 2716 ex

312 2781 374 2819 ore.
418 2762 573 2836 Quidquid
596 2762 739 2833 dixisset,
768 2764 848 2819 idem
872 2770 978 2837 postea
999 2761 1132 2819 libenter
1153 2764 1287 2838 legisses.
1331 2764 1451 2839 Scripta

312 2867 568 2939 Neerlaudorum,
593 2887 671 2941 quae
696 2869 818 2940 quidem
845 2869 876 2924 in
900 2866 1003 2940 aliquo
1026 2887 1150 2926 numero
1173 2878 1287 2940 essent,
1311 2871 1450 2944 pervolu-

312 2981 432 3031 taverat
458 2975 519 3031 fere
549 2975 658 3033 omnia.
701 2975 782 3031 Hinc
805 2973 921 3049 patriae
946 2972 1066 3047 linguae
1088 2974 1270 3047 singularem
1293 2975 1449 3032 scientiam
1530 3053 1533 3056 ‚

313 3087 481 3152 assecutus,
510 3100 576 3137 cam
598 3100 652 3137 sua
674 3079 770 3155 ipsius
792 3080 1020 3150 observatione,
1044 3081 1224 3154 optimorum
1244 3082 1451 3155 grammatico-

313 3201 379 3238 rum
407 3183 492 3241 libris
520 3185 678 3242 formatam
706 3194 736 3242 et
757 3187 895 3260 politam,
926 3185 1110 3261 amplificare
1133 3205 1287 3259 nunquam
1310 3187 1449 3243 cessavit.

314 3288 416 3362 Quare
444 3298 537 3348 totam
570 3292 715 3348 sermonis
746 3292 807 3347 vim
835 3292 956 3347 tandem
985 3291 1071 3363 quasi
1097 3291 1128 3346 in
1156 3298 1305 3365 potestate
1327 3290 1448 3358 habuit;

314 3393 365 3466 qui
387 3393 486 3452 colore
509 3397 639 3468 quodam
656 3395 793 3452 Romano
811 3394 936 3470 insuper
951 3394 1078 3466 tinctus,
1103 3393 1205 3451 nescio
1221 3396 1370 3468 quomodo
1385 3413 1451 3452 sua-

313 3497 380 3555 vius
403 3499 441 3555 ad
462 3518 552 3556 aures
575 3502 733 3558 accidebat
750 3508 780 3556 et
797 3501 828 3556 in
847 3500 962 3557 animos
982 3501 1172 3578 penetrabat.
1215 3499 1249 3554 In
1269 3499 1449 3574 explicando

314 3603 483 3660 divinorum
505 3605 641 3662 codicum
664 3624 754 3663 sensu
775 3606 854 3662 hanc
876 3606 1063 3681 potissimum
1087 3606 1234 3661 rationem
1251 3608 1448 3678 sequebatur,

313 3718 348 3765 ut
369 3711 590 3767 controversias
612 3730 766 3786 nunquam
789 3711 967 3786 attingeret,
996 3713 1047 3768 sed
1071 3719 1179 3768 cuncta
1200 3712 1240 3767 ad
1262 3708 1343 3766 vitae
1365 3709 1451 3765 disci-

314 3815 441 3889 plinam,
471 3816 651 3872 auctoritate
675 3816 746 3874 Iesu
770 3815 883 3875 Christi
903 3817 1103 3893 propositam,
1131 3817 1270 3892 exemplo
1293 3833 1450 3872 consecra·

314 3929 390 3990 tam,
413 3927 508 3977 morte
530 3922 693 3992 sancitam,
716 3921 854 3979 referret.

355 4024 431 4081 Erat
458 4024 595 4081 Harlemi
618 4027 809 4083 Bibliotheca
841 4028 980 4103 publica,
1007 4028 1153 4100 multique
1180 4028 1209 4084 in
1241 4046 1276 4084 ea
1298 4018 1382 4096 libri,
1405 4046 1451 4082 re·

314 4138 411 4187 motae
433 4130 569 4205 plerique
593 4134 715 4204 aetatis,
744 4133 832 4193 MSS.
860 4152 993 4207 quoque,
1017 4132 1141 4191 eruditis
1163 4133 1345 4190 Neerlandis
1368 4133 1450 4188 haud

314 4235 421 4309 ignoti.
461 4235 558 4292 Rudis
580 4245 608 4292 et
630 4238 778 4312 indigesta
800 4239 912 4309 moles,
936 4238 1094 4311 iniquitate
1116 4247 1281 4312 temporum
1303 4237 1449 4310 neglecta,

314 4340 405 4396 aliam
436 4359 473 4395 ex
503 4341 563 4396 alia
595 4341 666 4398 sede
698 4350 876 4399 mutaverat.
923 4342 1122 4417 Magistratus
1148 4344 1269 4399 tandem
1296 4342 1451 4398 constituit

313 4450 439 4514 certam,
463 4444 542 4500 diem
564 4453 593 4499 ct
615 4445 718 4502 horam
739 4448 810 4503 usui
832 4447 980 4503 communi
1002 4448 1097 4517 dedit,
1125 4465 1225 4503 annua
1246 4444 1380 4503 subsidia
1402 4446 1451 4502 de·

315 4547 425 4618 crevit,
458 4549 610 4606 Vriesium
643 4550 795 4625 praefecit.
854 4552 891 4608 In
934 4571 969 4608 ea
1007 4551 1196 4608 Bibliotheca
1239 4550 1450 4608 iucundissime

315 4657 500 4726 morabatur,
524 4665 554 4712 et
575 4657 653 4713 lente
677 4656 845 4714 festinando
868 4676 923 4713 nec
945 4676 1076 4714 rumores
1099 4664 1168 4714 ante
1191 4658 1318 4713 salutem
1341 4676 1452 4731 ponen-
