3750 5759
364 708 404 766 uu
757 691 819 752 SA
834 690 858 751 'l'
873 689 884 751 l
904 688 930 750 u
944 687 973 749 A
991 687 1016 750 li
1031 686 1061 751 ls
1076 686 1106 748 il

411 887 493 950 Tum
518 879 750 947 Praenestinus
775 877 861 942 salso
885 873 1057 957 multoque
1081 870 1196 936 fluenti

414 991 577 1075 Expressa
599 986 732 1050 arbusto
755 979 875 1065 regerit
899 976 1062 1057 convicia,
1088 974 1188 1039 durus

415 1091 641 1157 Vindemiator
664 1095 697 1152 et
721 1085 880 1162 invictus,
905 1081 958 1147 cui
982 1102 1078 1166 saepe
1102 1079 1207 1144 viator

419 1195 596 1276 Cessisset,
621 1213 742 1276 magna
765 1187 967 1273 compellans
990 1206 1069 1249 voce
1091 1184 1253 1248 cuculum.
1384 1199 1403 1231 ο

414 1301 461 1365 At
486 1297 647 1377 Graecus,
672 1300 848 1379 postquam
872 1296 922 1354 est
947 1287 1032 1353 Italo
1057 1286 1207 1372 perfusus
1231 1292 1342 1365 aceto,

416 1400 546 1468 Persius
571 1399 750 1463 exclamat:
778 1395 863 1477 „Per
887 1412 1043 1476 magnos,
1070 1390 1185 1472 Brute,
1212 1388 1289 1452 deos
1314 1393 1346 1451 te

415 1504 495 1570 Oroi
521 1501 578 1588 qui
600 1522 691 1585 reges
716 1495 881 1564 consuesti
905 1494 1036 1576 tollere,
1059 1515 1115 1558 cur·
1138 1515 1204 1556 non

416 1609 512 1671 Hunc
523 1606 647 1689 Regem
659 1603 803 1688 iugulas?
827 1598 1053 1686 Operumhoc,
1065 1595 1268 1679 mihicrede,
1281 1603 1413 1660 tuorum
1425 1596 1507 1659 est.“

371 1773 539 1837 interpretari,
572 1770 612 1819 uel
644 1769 768 1832 pulchrius
796 1766 920 1828 corrigere
939 1807 941 1817 ,
961 1763 1041 1826 quivis
1058 1762 1132 1810 sentit
1151 1763 1258 1811 Persius
1270 1774 1338 1808 nune
1350 1761 1384 1808 ita
1396 1759 1447 1807 fere
1457 1758 1510 1807 sub

372 1853 457 1900 sciant.
496 1852 551 1913 Ego
572 1850 725 1897 coniecturas
747 1855 843 1895 tantum
865 1859 919 1907 pro·
961 1843 1045 1905 iungi,
1070 1849 1098 1889 ut
1123 1849 1202 1890 metro
1224 1841 1350 1904 implendo
1372 1839 1513 1887 inserviisse

372 1946 448 1995 pono,
464 1937 493 1977 ut
509 1928 621 1977 meliores
634 1928 729 1976 eliciam
740 1925 866 1983 omnibus,
878 1925 921 1987 qui
962 1922 1083 1970 rideatur.
1112 1921 1210 1971 Acerba
1221 1928 1381 1983 opponuntur
1397 1921 1513 1969 Graecus

374 2019 468 2058 tentare
485 2010 585 2072 possint.
941 2004 942 2009 ’
962 2011 986 2050 et
1005 2005 1103 2050 [tulum
1114 2010 1220 2051 acetum.
1254 1999 1328 2059 Quod
1340 1998 1440 2046 additur
1452 2002 1515 2048 Per·

408 2094 480 2139 Soleo
505 2092 632 2151 multoque
650 2088 747 2150 fluenti
786 2087 921 2145 Brpresca
941 2095 943 2155 4
962 2084 1030 2140 sius,
1045 2081 1107 2130 illud
1119 2081 1232 2129 acerbum
1245 2079 1406 2127 vehementer
1417 2077 1515 2137 minuit,

374 2173 477 2218 arbusto
494 2171 586 2230 reperit
603 2169 721 2216 octaviola.
756 2165 821 2225 Quid
838 2165 870 2212 sit
880 2180 922 2211 ur·
941 2158 944 2231 4
963 2177 1008 2210 nee
1029 2161 1135 2209 multum
1157 2159 1237 2207 differt
1254 2174 1269 2205 a
1288 2161 1396 2206 Persius
1417 2173 1516 2220 nempe,

374 2251 457 2307 busto,
474 2261 513 2295 me
530 2261 581 2294 non
596 2244 734 2306 intelligere
747 2244 831 2291 fateor.
853 2241 922 2304 Opti·
942 2235 944 2311 4
964 2237 1516 2301 PersiusscilicetQuanteelegantiuspeets

375 2343 444 2375 mum
456 2337 519 2376 asset
528 2327 635 2388 accipere
644 2339 701 2372 cum
710 2323 922 2373 Commentators:
942 2342 944 2401 4
964 2322 1082 2370 dedisset:
1116 2322 1170 2368 Per
1195 2324 1219 2367 te
1243 2333 1314 2375 avos,
1340 2320 1448 2376 clamat,
1469 2333 1517 2380 per

376 2411 539 2470 „deprompta
566 2412 592 2454 et
618 2407 722 2467 prolatu
747 2419 777 2451 ee
801 2402 923 2464 pectore.“
942 2410 945 2449 t
965 2416 1078 2463 umque-r,
1101 2401 1198 2456 Brute,
1224 2400 1291 2447 Deos
1313 2404 1338 2447 te
1360 2399 1419 2446 Oro.
1453 2397 1516 2447 For-

375 2494 411 2533 et:
430 2485 506 2543 „bene
523 2484 563 2532 hic
584 2484 644 2531 dicit
665 2483 845 2536 vindemiator,
866 2479 925 2542 quia
943 2480 945 2513 ¹
964 2480 1034 2528 mula
1050 2479 1188 2528 obtestandi
1204 2485 1317 2526 notaest.
1343 2477 1516 2540 VirgilAcn.

376 2568 401 2613 in
418 2564 573 2628 praecedenti
590 2577 664 2611 versu
680 2561 743 2608 dixit
760 2562 864 2606 arbusto
880 2572 925 2619 pre
943 2518 946 2609 l
966 2564 999 2611 X.
1017 2561 1072 2612 597.
1109 2562 1163 2607 Per
1180 2563 1216 2617 te,
1232 2572 1278 2620 per
1294 2559 1339 2619 qui
1353 2562 1378 2605 te
1390 2559 1467 2606 talem
1478 2574 1516 2620 qe·

374 2649 495 2707 pectore.“
531 2643 579 2693 Sed
596 2642 650 2706 quis
667 2641 714 2688 hoe
730 2639 818 2687 efficiat
835 2652 868 2685 cx
884 2653 924 2685 or·
944 2626 947 2730 4
966 2655 1042 2688 nuere
1051 2644 1175 2701 parentes.
1200 2637 1287 2700 Eurip.
1299 2636 1432 2686 Phoeniss.
1445 2638 1516 2686 1659.

377 2726 463 2773 busto?
495 2722 622 2772 Bentleius
645 2721 711 2768 hunc
732 2719 866 2766 verborum
887 2733 926 2766 or·
966 2719 1009 2768 vai
1028 2719 1091 2783 πρὸς
1109 2719 1135 2766 σὲ
1148 2717 1224 2776 τῆσδε
1235 2717 1337 2782 μητρός,
1364 2717 1516 2780 Interpretcs
1537 2704 1541 2723 ⁸

376 2803 459 2851 dinem
481 2803 618 2850 constituit:
645 2801 713 2849 Tum
735 2798 926 2857 Praenestinus,
966 2798 1106 2861 saepissime
1121 2797 1287 2854 illustravere,
1304 2796 1397 2845 eximie
1414 2796 1517 2846 Ruhnk.

376 2882 627 2937 durusvindemiator,
637 2894 754 2943 expressa
762 2879 862 2926 arbusto
870 2892 926 2926 con·
966 2880 998 2927 ad
1016 2880 1118 2927 Terent.
1136 2879 1217 2928 Andr.
1236 2877 1286 2927 ΙΙΙ,
1305 2891 1345 2925 111.
1368 2878 1391 2925 6.
1426 2877 1516 2926 Hiatus

377 2961 441 3008 vicia
449 2961 540 3022 regerit
546 2961 640 3009 Persio,
658 2959 787 3019 Quomodo
795 2960 926 3005 arbustum
969 2965 992 3008 te
1014 2973 1071 3007 auos
1093 2958 1179 3006 similis
1196 2963 1233 3006 est
1250 2955 1285 3004 illi
1302 2955 1329 3004 in
1346 2956 1422 3006 Satir.
1439 2957 1461 3006 Ι.
1478 2969 1516 3005 rx.

379 3039 567 3102 interpretetur,
585 3053 636 3086 non
653 3037 719 3085 dicit.
741 3036 832 3095 Credo,
844 3036 927 3083 arbus-
968 3038 1007 3086 38.
1044 3039 1073 3086 st
1090 3053 1128 3085 me
1143 3053 1221 3085 umus.

378 3128 431 3166 tum
456 3120 655 3166 uindenu'otorie.
689 3115 808 3164 Horatius
825 3115 928 3163 fortasse
948 3130 950 3189 4
1004 3118 1058 3176 Qui
1072 3131 1142 3178 repes
1157 3117 1280 3165 consuesti
1296 3117 1391 3165 tollere,
1416 3117 1448 3165 In
1464 3115 1516 3164 aliis

378 3197 425 3245 hoe
442 3197 533 3245 voluit:
557 3197 623 3245 Tum
641 3196 820 3244 Praenestinus
838 3195 929 3257 regerit
948 3208 950 3263 4
969 3199 1101 3245 consueris.
1144 3195 1273 3245 Bentleius
1301 3197 1427 3245 consuesti
1453 3204 1516 3245 recte

379 3276 490 3323 convicia
502 3276 676 3340 Persio‚qnae
687 3274 809 3338 expressit
821 3290 853 3323 ex
866 3275 928 3322 salso
948 3270 950 3353 4
968 3275 1081 3338 praefert.
1114 3276 1197 3338 Lego,
1215 3274 1309 3322 adiecta
1325 3273 1438 3324 literula:
1463 3291 1514 3325 corr·

379 3365 404 3404 et
420 3355 498 3403 multo
515 3355 601 3403 fluenti
618 3364 731 3418 gutture,
748 3355 829 3414 fauce,
841 3362 928 3411 rostro,
948 3376 950 3421 3
968 3359 1065 3404 euertit.
1091 3356 1132 3404 Tu
1149 3362 1173 3403 et
1190 3355 1230 3402 avi
1242 3354 1385 3402 consuestis.
1409 3355 1444 3403 Et
1454 3355 1514 3404 Bru-

380 3435 456 3495 rictu,
483 3433 524 3483 vel
552 3435 626 3482 simili
653 3433 741 3493 verbo,
766 3435 831 3496 quod
856 3434 929 3496 quale
948 3426 951 3519 4
970 3442 1009 3483 tus
1027 3438 1058 3484 ad
1075 3436 1270 3484 coniurationem
1287 3444 1373 3487 centm
1390 3438 1412 3486 Ι.
1430 3435 1515 3486 Caesa·

380 3515 465 3573 fuerit,
483 3514 537 3561 aliis
554 3514 716 3562 divinandum
727 3513 847 3575 relinquo.
880 3514 928 3561 La·
948 3544 951 3571 e
970 3530 1023 3563 rem
1040 3516 1155 3578 exemplo
1171 3515 1292 3564 maiorum
1303 3515 1468 3577 incitabatur,
1479 3523 1515 3573 ut,

380 3596 461 3643 tinum
478 3601 541 3643 esset
557 3610 676 3656 expressa
693 3595 800 3653 erictu3
821 3601 850 3641 ut
867 3594 928 3643 Sue·
948 3581 950 3641 l
973 3597 1068 3654 Brute,
1084 3611 1132 3644 nou
1149 3611 1173 3644 es
1190 3597 1300 3644 Brutus.
1334 3595 1389 3644 Nec
1405 3593 1515 3644 credibile

381 3684 431 3724 ton,
450 3676 475 3721 in
492 3673 580 3722 Claud.
597 3674 637 3721 30.
672 3675 721 3721 Ira
737 3675 851 3735 turpior,
871 3690 928 3734 spu·
948 3650 950 3739 i
970 3683 1007 3722 cst
1023 3676 1147 3725 hominem
1165 3676 1302 3733 Graecum,
1327 3676 1443 3724 historiae
1466 3689 1512 3723 neu

381 3753 717 3811 moutemctu,buruentibue
725 3754 839 3799 naribus,
856 3751 929 3800 Varii
948 3746 951 3779 t
969 3754 1099 3817 ignarum,
1139 3755 1288 3819 Tarquinios
1325 3745 1511 3818 praeteiiturum

381 3831 483 3880 affectus
495 3846 539 3895 per
550 3834 644 3880 rictum
656 3829 837 3893 significantur.
856 3828 928 3879 Cous.
970 3835 1051 3883 fuisse.
1085 3834 1151 3883 Dieti
1178 3841 1260 3882 autem
1286 3834 1382 3882 invidia
1405 3836 1511 3898 aliquan·

381 3911 496 3974 exempla
512 3911 543 3958 ab
560 3910 707 3960 Heindorfio
724 3907 824 3956 laudata
841 3911 872 3957 ad
885 3910 929 3959 Sa·
949 3948 950 3981 ,
969 3922 1023 3963 tum
1040 3916 1181 3978 mitigatur,
1197 3914 1280 3962 addita
1295 3914 1445 3977 cogitatione
1456 3915 1512 3964 Tar·

381 3990 420 4038 tir.
439 3989 460 4039 Ι.
478 4004 504 4038 x.
522 3991 546 4041 7.
948 3992 1118 4056 iquiniorum.
1135 3994 1188 4043 Avi
1200 4007 1304 4055 regnum
1314 3993 1511 4057 Tarquiniorum,

415 4072 506 4117 Salem
523 4077 606 4117 tamen
623 4067 802 4117 vixaGraeco
818 4071 928 4131 separari
948 4052 950 4153 4
970 4082 996 4122 tu
1019 4074 1132 4124 Caesaris
1153 4073 1280 4121 sustulisti.
1302 4072 1344 4121 Illi
1367 4074 1511 4139 Tarquinios

381 4159 406 4197 et
418 4148 582 4197 Praenestino
600 4147 675 4195 tribui
690 4155 778 4211 potest,
796 4150 836 4196 cui
847 4150 927 4212 magis
969 4154 1104 4208 eiecerunt,
1120 4159 1147 4200 tu
1164 4151 1295 4201 Caesarem
1315 4152 1444 4215 iugulasti.
1473 4157 1510 4204 Iu·

380 4228 506 4292 proprium
524 4234 561 4276 est
581 4233 686 4277 acetum.
713 4228 815 4276 Rectius
835 4228 927 4292 legere·
969 4233 1029 4296 gula
1046 4239 1071 4280 et
1088 4231 1268 4293 huncRegcm.
1296 4230 1338 4280 Sic
1353 4232 1454 4282 demum
1468 4233 1511 4282 eris

380 4317 432 4356 tur:
451 4309 525 4357 Salso
543 4308 667 4370 ratulthue
677 4307 774 4368 fluenti
797 4309 927 4370 Expressa
968 4315 1069 4361 Brutus.

379 4391 512 4438 ‹imbuatus
537 4389 631 4447 reperit
658 4388 776 4436 conuicia.
818 4388 874 4436 Hoc
901 4389 927 4437 in
948 4424 949 4457 ,
1003 4394 1114 4453 Operum
1136 4392 1193 4448 boe,
1218 4391 1280 4438 miti
1304 4395 1390 4450 crede,
1416 4401 1512 4443 tucrum

382 4468 512 4516 addendis
529 4464 666 4528 explicabo.
967 4477 1012 4519 est.
1046 4469 1126 4520 Varie
1142 4476 1199 4517 sunt
1217 4471 1282 4519 vitae
1298 4487 1403 4535 genera,
1426 4473 1512 4524 diversi

413 4547 520 4596 Persius
528 4548 654 4596 exclamat
668 4561 715 4608 per
723 4550 928 4609 mupuos,Brute,
968 4549 1081 4598 artifices.
1116 4549 1193 4598 Suam
1215 4551 1317 4613 quisque
1335 4554 1409 4603 habet
1426 4563 1511 4610 artem,

380 4629 449 4675 Dece
466 4632 490 4675 te
505 4640 556 4676 cro.
584 4625 650 4675 eum
662 4627 771 4674 dixerat:
799 4630 836 4676 At
850 4629 927 4676 Grae·
968 4629 1349 4694 professionem,opus,rixvpr,
1359 4634 1444 4698 ἔργον.
1461 4635 1512 4683 Iam

379 4721 423 4754 eru
438 4711 571 4768 postquam
583 4712 620 4754 est
634 4707 704 4753 Italo
714 4707 835 4768 perflatae
847 4714 927 4768 aceto,
947 4706 950 4763 ζ
969 4708 1041 4756 Bruti
1060 4709 1179 4757 faciebant
1196 4710 1242 4757 lma
1258 4725 1333 4773 oprrs,
1351 4720 1378 4760 ut
1391 4727 1461 4775 reges
1472 4711 1512 4760 tol·
