3750 5759
760 642 1111 711 SA'llllAlll'M

412 842 581 924 Cocceius,
607 839 701 904 missi
724 837 854 922 mugnis
879 826 1037 898 derebus
1061 838 1195 916 uterque

413 946 544 1034 Legati,
569 965 697 1009 aversos
722 940 811 1006 soliti
836 957 1028 1022 componere
1052 934 1183 999 anricus.

413 1051 478 1116 Hic
504 1048 606 1114 oeulis
631 1068 690 1131 ego
714 1044 809 1129 nigra
831 1041 913 1106 meis
937 1038 1073 1123 collyria
1095 1037 1206 1123 lippus

414 1155 553 1219 Illinere.
603 1151 731 1215 Interea
755 1147 925 1211 Maecenas
950 1143 1084 1208 advenit
1105 1150 1202 1226 atque

415 1257 586 1339 Cocceius,
613 1253 794 1340 Capitoque
814 1249 913 1316 simul
938 1246 1114 1329 Fonteius,
1140 1245 1181 1309 ad
1205 1265 1350 1329 unguem

416 1362 536 1428 Factus
560 1361 677 1441 homo,
701 1356 846 1437 Antoni,
871 1375 936 1418 non
960 1363 999 1416 ut
1021 1350 1128 1435 magis
1152 1348 1244 1430 alter,
1269 1347 1401 1412 amicus.

415 1467 549 1532 Fundos
575 1462 707 1529 Aufidio
731 1462 837 1527 Lusco
859 1462 1007 1545 praetore
1030 1455 1169 1520 libenter

416 1569 629 1655 Linquimus,
653 1564 763 1631 insani
786 1563 930 1628 ridentes
954 1558 1102 1646 praemia
1125 1557 1264 1640 scribae,

415 1676 623 1740 Praetextam
648 1679 681 1737 et
703 1671 809 1735 latum
830 1667 960 1733 clavum
983 1686 1170 1752 prunaeque
1193 1661 1356 1727 batillum.

416 1781 456 1845 In
480 1779 718 1843 Mamurrarum
741 1772 821 1838 lassi
846 1771 963 1836 deinde
986 1770 1065 1834 urbe
1089 1789 1276 1849 manemus,

343 1950 350 1959 ,
415 1884 552 1949 Murena
574 1879 749 1965 praebente
772 1877 924 1959 domum,
955 1873 1114 1959 Capitone
1137 1871 1290 1938 culinam.

416 1990 553 2054 Postera
574 1985 633 2049 lux
656 1982 759 2047 oritur
782 1981 888 2046 multo
910 1978 1119 2065 gratissima3
1144 1998 1286 2063 namque

416 2089 545 2156 Plotius
570 2093 603 2153 et
625 2086 744 2152 Varius
770 2085 943 2152 Sinuessae
965 2082 1189 2168 Virgiliusque

415 2195 613 2274 Occurrunt,
638 2191 789 2273 animae,
814 2190 926 2276 quales
950 2209 1055 2273 neque
1077 2186 1280 2252 candidiores

414 2299 510 2363 Terra
533 2295 630 2378 tulit,
654 2317 759 2380 neque
782 2296 854 2380 quis
878 2315 931 2359 me
956 2292 1001 2357 sit
1024 2290 1204 2356 devinctior
1226 2291 1317 2355 ulter.

416 2403 444 2468 O
469 2401 525 2487 qui
549 2399 738 2485 complexus
762 2404 796 2463 et
817 2397 939 2484 gaudia
962 2401 1085 2482 quanta
1109 2394 1261 2460 fuerunt!

415 2504 473 2569 Nil
497 2525 557 2589 ego
581 2501 775 2568 contulerim
799 2501 941 2567 iucundo
962 2520 1062 2565 sanus
1077 2497 1191 2563 amice.

417 2607 572 2672 Proxima
596 2606 763 2691 Campano
785 2604 880 2691 ponti
907 2625 989 2690 quae
1012 2601 1129 2668 villula
1152 2607 1276 2667 tectum

416 2710 588 2793 Praebuit,
617 2715 650 2775 et
671 2709 822 2796 parochi,
847 2730 929 2794 quae
951 2707 1087 2788 debent,
1109 2706 1202 2792 ligna
1223 2706 1398 2793 salemque.

415 2815 504 2880 Hinc
526 2813 609 2878 muli
633 2812 763 2899 Capuae
784 2810 925 2877 clitellas
951 2816 1096 2895 tempore
1118 2815 1255 2894 ponunt.

416 2920 541 2985 Lusum
566 2917 593 2983 it
613 2918 805 2995 Maeeenas3
830 2914 1010 2981 dormitum
1032 2936 1092 3000 ego
1116 2913 1359 3002 Virgiliusque:

417 3023 569 3107 Namque
592 3020 663 3106 pila
682 3019 783 3105 lippis
801 3018 972 3084 inimicum
994 3021 1027 3084 et
1048 3017 1160 3083 ludere
1179 3017 1297 3084 crudis.

417 3125 505 3190 Hine
531 3145 590 3188 nos
610 3122 738 3189 Cocceii
763 3121 880 3209 recipit
897 3121 1092 3209 plenissima
1114 3122 1212 3205 villa,

417 3229 507 3309 Quae
527 3248 624 3313 super
645 3231 696 3292 est
719 3226 823 3292 Caudi
846 3248 1020 3312 cauponas.
1069 3226 1165 3292 Nune
1188 3226 1271 3291 mihi
1289 3229 1402 3314 paucis

417 3331 581 3398 Sarmenti
605 3352 732 3399 scurrae
754 3352 902 3416 pugnam
925 3330 1090 3416 Messique
1115 3328 1244 3412 Cicirri,

415 3437 511 3502 Musa
534 3435 634 3501 velim
662 3456 821 3501 memores
833 3462 842 3514 ;
867 3439 901 3500 et
923 3455 987 3521 quo
1010 3439 1224 3519 patronatus
1248 3440 1385 3524 uterque

416 3539 601 3606 Contulerit
621 3539 707 3605 lites.
756 3540 857 3605 Messi
881 3539 1006 3605 clarum
1028 3560 1133 3624 genus
1155 3538 1246 3618 Osci3
1454 3540 1457 3545 ’

416 3643 579 3710 Sarmenti
601 3643 736 3708 domina
758 3647 882 3708 exstat:
906 3642 948 3708 ab
970 3641 1023 3707 his
1047 3641 1225 3708 maioribus
1250 3644 1314 3709 orti

414 3747 469 3811 Ad
491 3768 638 3834 pugnam
662 3768 786 3811 venere.
835 3745 930 3811 Prior
950 3746 1162 3813 Sarmentus:
1198 3747 1309 3832 „Equi
1333 3754 1366 3814 te

416 3851 499 3936 Esse
521 3850 582 3916 feri
606 3850 767 3934 similem,
791 3851 897 3916 dico.“
946 3851 1181 3946 Ridemuszxet
1204 3851 1274 3938 ipse

415 3953 572 4020 Messius:
601 3954 802 4042 „Aceipio;“
825 3961 924 4043 caput
947 3961 981 4022 et
997 3963 1115 4022 movet.
1165 3955 1235 4039 „0,
1260 3963 1319 4022 tua
1341 3980 1440 4025 cornu

415 4057 460 4122 Ni
482 4056 566 4124 foret
589 4065 718 4125 exsecto
741 4059 831 4126 frons
841 4065 874 4144 ,“
898 4061 1023 4148 inquit,
1049 4060 1152 4146 „quid
1174 4059 1314 4145 faterer,
1339 4085 1440 4150 quum

418 4161 471 4229 Sic
493 4163 632 4229 mutilus
657 4163 819 4231 miniteris
829 4167 866 4230 ?“
900 4165 948 4231 At
971 4165 1022 4230 illi
1045 4163 1141 4249 foeda
1162 4163 1298 4230 cicatrix

416 4266 564 4333 Setosam
588 4267 673 4334 laevi
696 4267 838 4335 frontem
861 4273 1050 4355 turpaverat
1071 4267 1146 4334 oris.

406 4422 436 4478 0,
453 4427 584 4471 tuacomu
606 4422 916 4486 Niforeteoeseetosrom.
954 4422 1070 4485 frontem
1087 4427 1235 4486 turpaverat
1251 4423 1311 4472 orb.
1345 4421 1427 4473 Locus
1443 4422 1503 4472 diffi-

371 4501 468 4565 mgu,
485 4509 557 4564 puto,
574 4503 707 4562 noenum
728 4503 759 4562 0,
776 4505 823 4552 teu
839 4517 917 4552 amu
962 4503 1024 4552 cuis.
1059 4503 1176 4567 spanus
1201 4502 1311 4551 annet:
1336 4517 1395 4562 ora,
1422 4504 1446 4552 ru
1470 4487 1504 4551 esi

372 4582 409 4628 Ni
419 4580 491 4643 foret
507 4587 603 4632 exsecto
610 4582 695 4646 from.
959 4584 987 4631 in
1005 4585 1125 4647 marciae.
1142 4581 1294 4633 Horkelius:
1316 4585 1381 4634 orbe.
1399 4581 1504 4648 Opponit

403 4660 440 4709 Ar
457 4660 700 4723 illisoeduer'cutrioe
726 4663 916 4712 Setoeomlaevi
960 4663 1050 4712 laevem
1068 4666 1149 4713 orbem
1165 4662 1241 4711 fronti
1258 4669 1359 4713 setosae.
1394 4661 1503 4714 Cicatrix
