3750 5759
370 697 410 757 io
624 671 625 674 ‘
759 692 1111 788 surinunuu

410 879 458 943 At
482 877 510 942 si
534 876 703 942 condoluit
727 882 893 942 tentatum
917 878 1037 963 frigore
1056 899 1173 963 corpus

411 983 482 1046 Aut
505 980 590 1046 elius
614 1003 709 1046 casus
733 981 818 1046 lecto
842 986 874 1047 te
897 981 1023 1060 affixit3
1049 981 1148 1047 habes
1173 981 1229 1067 qui

410 1077 589 1166 Adsideat,
613 1084 761 1150 fomenta
784 1090 895 1169 paret,
919 1085 1084 1150 medicum
1108 1090 1217 1170 roget,
1242 1090 1281 1150 ut
1304 1092 1337 1150 te

413 1188 555 1254 Suscitet
579 1210 616 1253 ac
638 1188 726 1254 natis
750 1189 866 1254 reddat
888 1189 1036 1274 carisque
1059 1187 1273 1274 propinquis?

410 1293 485 1358 Non
508 1314 590 1358 uxor
613 1293 742 1358 salvum
765 1299 798 1359 te
820 1294 909 1376 vult,
935 1316 1002 1359 non
1025 1293 1133 1359 filius:
1158 1315 1270 1358 omnes

411 1396 521 1462 Vicini
545 1398 701 1480 oderunt,
726 1397 814 1480 noti,
838 1398 931 1482 pueri
955 1403 1052 1483 atque
1074 1397 1212 1482 puellae.

412 1499 561 1583 Miraris,
586 1522 688 1585 quum
712 1505 750 1565 tu
773 1506 909 1585 argento
931 1507 1009 1586 post
1032 1501 1143 1566 omnia
1165 1521 1289 1585 ponas,

413 1603 448 1669 Si
471 1625 567 1668 nemo
589 1609 749 1689 praestet,
774 1626 871 1689 quern
895 1627 961 1670 non
982 1604 1152 1688 merearis,
1170 1606 1336 1668 amorem?

410 1707 458 1771 At
482 1707 511 1772 si
537 1711 713 1792 cognatos,
739 1706 831 1772 nullo
855 1715 973 1773 natura
996 1709 1105 1773 labore

415 1809 503 1889 Quos
528 1809 590 1874 tibi
614 1809 689 1893 dat,
714 1810 853 1877 retinere
876 1811 958 1877 velis
989 1833 1179 1897 servareque
1202 1810 1338 1891 amicos,

411 1912 533 1978 Infelix
557 1933 689 1997 operam
711 1914 846 1997 perdes,
871 1919 910 1978 ut
933 1914 962 1980 si
986 1915 1059 2000 quis
1084 1914 1223 1979 asellum

412 2016 452 2079 In
475 2037 590 2100 campo
614 2015 729 2081 doceat
751 2023 922 2102 parentem
947 2039 1072 2082 currere
1096 2016 1206 2082 frenis.

413 2118 562 2204 Denique
586 2119 631 2184 sit
653 2120 729 2186 finis
754 2122 951 2206 quaerendi:
977 2144 1104 2207 quoque
1127 2120 1247 2185 habeas
1271 2119 1364 2204 plus,

412 2222 604 2307 Pauperiem
629 2228 757 2289 metuas
780 2225 908 2308 minuc,
935 2230 969 2290 et
991 2225 1085 2290 finire
1109 2224 1253 2289 laborem

401 2409 443 2454 An
459 2408 482 2454 ci
498 2415 625 2469 aequatos,
642 2412 712 2458 nullo
727 2417 823 2458 nature
834 2413 917 2461 labore
958 2414 1028 2460 nulio
1050 2413 1159 2461 retinere
1175 2411 1268 2468 labore,
1286 2415 1316 2457 ut
1334 2411 1380 2457 tibi
1397 2411 1442 2457 dict
1460 2425 1509 2457 rra-

370 2487 440 2544 Quoe
457 2487 512 2534 tibi.
520 2487 578 2543 dat,
592 2491 699 2537 retinere
710 2491 778 2538 uelis.
797 2490 829 2538 In
838 2490 915 2539 MSS.
959 2483 1027 2548 iura,
1037 2493 1105 2550 uelis,
1114 2490 1337 2546 servarisamicos,
1348 2489 1463 2538 Miraris
1472 2505 1509 2552 sq,

366 2571 391 2612 et
407 2563 509 2611 vetustis
527 2565 748 2630 edit.atsi,atqui‚
761 2569 915 2618 acsiConii·
996 2571 1098 2632 Quoque
1123 2570 1213 2617 habeas
1238 2570 1310 2630 pius,
1352 2569 1510 2630 Pauperiern

366 2643 436 2691 ciunt
453 2648 499 2691 ant
515 2646 545 2701 si,
570 2661 619 2694 nen
640 2650 669 2694 si.
704 2647 808 2696 Malim:
835 2651 917 2696 Etsi
958 2656 1055 2698 metuar
1075 2652 1166 2698 arsinus.
1200 2647 1352 2696 Doderlinus
1368 2647 1456 2695 laudet
1472 2646 1510 2696 in·

367 2727 481 2784 coenatos
497 2724 567 2770 ciuile
584 2727 692 2773 retinere
710 2727 800 2786 labore,
823 2729 860 2774 Ut
872 2729 918 2775 tier·
957 2729 1156 2791 terpretationem
1178 2728 1232 2776 Ioh.
1254 2728 1305 2775 Ad.
1328 2726 1465 2785 Schaeferi,
1482 2729 1510 2776 in

368 2803 414 2850 ciat
432 2805 628 2861 naturantis,
649 2819 794 2866 servareque
811 2807 916 2862 criticos,
958 2807 1147 2870 Programmate
1169 2823 1190 2855 a.
1211 2806 1280 2856 1820.
1304 2805 1510 2868 accipientisque

368 2881 468 2943 Infelix
493 2897 592 2943 operam
617 2884 720 2944 pedus,
745 2889 788 2941 ut,
813 2886 837 2932 si
861 2887 918 2947 quis
958 2894 1085 2950 tamquam
1103 2893 1132 2935 ut
1149 2903 1189 2935 eo:
1212 2893 1239 2933 ut
1255 2885 1346 2932 senties
1363 2890 1388 2931 te
1404 2898 1457 2932 esse
1473 2885 1509 2932 di-

368 2962 473 3008 aseilum
515 2963 551 3009 In
578 2976 665 3025 canipe
682 2965 768 3012 deceat
788 2971 918 3025 parentem
958 2966 1059 3023 tiorem,
1077 2973 1105 3014 ut
1121 2965 1166 3013 tibi
1183 2965 1256 3012 ditior
1274 2977 1327 3011 esse
1343 2963 1464 3021 videaris,
1481 2970 1510 3010 tu

367 3054 469 3089 currere
483 3041 595 3103 fraenis.
628 3044 746 3100 Miraris,
763 3058 819 3091 cuni
837 3050 865 3091 tu
877 3060 917 3091 cr·
958 3045 1040 3093 minus
1049 3053 1132 3094 metue
1143 3045 1280 3093 absentiam
1291 3043 1509 3091 divitiarumsen·

367 3125 439 3180 cento
453 3125 512 3182 post
528 3122 611 3168 onznia
621 3136 707 3182 ponas,
723 3123 753 3169 Si
766 3137 915 3182 riemoprae·
958 3124 1047 3184 tentia,
1065 3132 1137 3188 puto,
1154 3125 1221 3172 haud
1238 3122 1366 3179 dissimili,
1388 3136 1437 3184 qua
1454 3123 1509 3184 quis

367 3204 426 3255 siet,
435 3215 505 3261 quem
521 3213 570 3246 non
580 3200 706 3254 remearis,
718 3202 843 3248 amorem?
860 3200 918 3248 Non
959 3205 1098 3253 ditissimus
1110 3204 1261 3267 appellatur,
1273 3203 1315 3266 qui
1328 3201 1364 3249 nil
1376 3201 1457 3264 cupit,
1469 3203 1508 3249 do-

367 3291 444 3335 uxor,
466 3291 516 3326 non
531 3276 598 3325 filius
615 3285 640 3325 te
664 3278 720 3325 vult
744 3279 855 3327 salvum:
881 3281 917 3327 vi·
959 3283 1042 3332 eniens
1059 3286 1096 3331 rei
1112 3289 1261 3338 conterritae,
1283 3282 1313 3330 de
1335 3294 1384 3344 quo
1405 3280 1460 3328 dixi
1477 3280 1509 3326 ad

367 3355 429 3413 cini,
447 3371 531 3404 omnes
547 3357 649 3405 omnino
673 3365 697 3404 tc
719 3359 830 3407 oderunt.
864 3361 917 3408 Nec
959 3360 1046 3409 Horat.
1064 3362 1147 3411 Curm.
1165 3361 1214 3409 ΙΙῘ.
1232 3375 1290 3409 xvr.

370 3444 488 3498 cognatos
504 3436 552 3494 sic,
568 3444 597 3485 ut
613 3444 703 3485 natura
719 3452 759 3486 eos
776 3437 820 3485 tibi
837 3439 916 3497 dedit,
992 3441 1030 3488 Et
1040 3441 1121 3502 finire
1143 3444 1250 3490 turbarent
1284 3441 1413 3501 Incipias,
1433 3443 1508 3500 porto

366 3516 420 3563 sine
435 3514 519 3564 labore
535 3517 626 3579 poteris
642 3519 754 3566 retinere.
780 3517 840 3566 Noli
857 3532 917 3581 ergo
959 3521 1024 3581 qnod
1056 3521 1152 3568 aceias.
1204 3519 1232 3570 Si
1261 3519 1381 3567 Horatius
1412 3516 1508 3578 scripsit

367 3596 465 3655 mirari,
490 3597 512 3644 si
533 3611 613 3660 neque
635 3612 712 3655 uxor,
734 3611 814 3659 neque
836 3597 916 3655 filius,
952 3599 1033 3660 finire
1057 3600 1180 3657 laborem,
1196 3598 1223 3646 in
1253 3611 1325 3645 versu
1348 3596 1509 3660 praecedente

368 3689 447 3739 neque
464 3676 552 3732 vicini,
574 3691 656 3739 neque
671 3677 784 3739 cognati,
807 3677 828 3724 si
845 3691 917 3726 nemo
957 3691 1008 3725 non
1025 3678 1162 3741 scripsisset
1179 3680 1214 3727 sit
1223 3678 1288 3741 finis
1303 3678 1455 3741 quaerendi,
1466 3669 1509 3724 sed

368 3762 392 3801 te
409 3761 474 3802 amet
491 3756 534 3817 qui
550 3755 916 3818 nihilomaveris,praeterpe-
961 3757 1076 3818 Denique
1100 3759 1135 3805 eit
1160 3759 1247 3806 arodus
1279 3757 1439 3820 acquirendi,
1469 3754 1509 3802 vel

367 3833 473 3882 cuniam.
507 3834 659 3882 Doderlinus
676 3833 917 3896 legit:retinerere·
961 3833 1074 3898 Denique
1096 3836 1232 3899 quaerendi
1259 3838 1294 3884 sit
1322 3837 1459 3891 tererdnue,
1482 3841 1509 3880 ut

367 3915 399 3960 iis
415 3928 562 3976 emacreque
578 3915 670 3962 amicos
687 3913 800 3976 Infelix,
817 3927 917 3974 operum
959 3914 985 3962 in
998 3922 1056 3963 uoto
1071 3915 1181 3964 Solonis:
1193 3914 1310 3964 πλούτου
1320 3913 1340 3964 δ’
1350 3914 1423 3964 οὐδὲν
1432 3917 1509 3983 τέρμα

364 3995 465 4055 perdas.
499 3991 528 4041 si
544 3999 674 4054 cognatoS,
690 4006 751 4055 quos
768 3991 812 4040 tibi
829 4002 918 4041 natura
960 3992 1122 4059 πεφασμένον
1148 3993 1334 4058 ἀνθρώποισιν.
1378 3995 1411 4042 Et
1437 3998 1509 4059 quid,

367 4072 420 4120 sinc
436 4071 520 4121 labore
536 4079 580 4120 tuo
596 4071 675 4130 dedit,
698 4078 772 4120 antea
793 4087 809 4119 a
829 4078 854 4120 te
875 4088 917 4122 ne·
959 4088 1061 4137 quaeso,
1084 4073 1202 4122 differunt
1222 4074 1256 4120 eit
1270 4073 1336 4135 finis
1355 4080 1380 4121 et
1401 4075 1511 4138 incipias

368 4152 475 4216 glomos,
497 4164 564 4200 nunc
587 4150 665 4199 factus
688 4150 790 4208 infelix,
812 4151 918 4200 retinere
952 4154 1049 4217 finire?
1082 4152 1149 4200 Tum
1166 4153 1276 4213 incipias
1286 4151 1368 4214 finire
1378 4152 1462 4202 minus
1473 4162 1510 4203 est

366 4233 438 4291 velis,
449 4246 548 4296 operam
558 4233 654 4295 perdas.
673 4231 812 4294 Ingeniose.
829 4231 918 4296 Imago
960 4249 1034 4297 quem
1051 4235 1084 4282 tit
1100 4232 1172 4294 finis.
1207 4231 1306 4288 Maius,
1331 4238 1404 4292 puto,
1431 4233 1457 4280 in
1483 4249 1509 4282 re

366 4321 450 4362 tamen
472 4315 552 4371 asini,
578 4326 750 4376 quamcunque
772 4313 917 4361 sententiam
960 4313 1018 4372 tali,
1036 4311 1234 4376 postponendum
1248 4309 1346 4357 minori.
1380 4310 1434 4358 Nec
1449 4313 1509 4361 satis

368 4393 480 4456 accipias,
498 4405 594 4455 semper
611 4391 678 4439 dictu
691 4391 794 4440 difficile
806 4399 850 4450 est,
860 4407 918 4456 quo·
959 4400 1008 4449 est,
1025 4392 1156 4440 admonere
1173 4403 1289 4447 avarum,
1312 4395 1340 4436 ut
1356 4388 1465 4438 laborem
1482 4391 1509 4439 fi-

367 4473 441 4520 modo
467 4478 532 4520 recte
554 4478 695 4534 comparata
718 4472 837 4520 videatur.
871 4472 919 4520 Io
960 4471 1024 4528 niat;
1042 4471 1210 4518 admouendus
1227 4473 1316 4524 est,ut
1327 4468 1443 4530 quaesitis
1456 4477 1509 4518 uta-

367 4565 423 4597 cum
450 4551 570 4612 aptiorem
595 4549 697 4599 haberet
721 4551 747 4598 in
772 4551 821 4600 fine
845 4549 919 4600 huius
960 4555 1008 4597 tur.
1042 4546 1166 4597 Coniicio:
1184 4549 1224 4595 Et
1239 4546 1316 4609 frui,
1333 4560 1422 4604 acere,
1440 4550 1507 4598 iato-

367 4630 471 4688 satirae,
501 4636 526 4676 et
554 4629 594 4677 hic
623 4644 696 4678 nemo
720 4645 774 4678 eam
799 4630 919 4678 desidera·
960 4644 1013 4677 rene
1029 4629 1157 4690 Incipias,
1173 4632 1250 4689 parto
1266 4627 1436 4688 quedarcbas.
1466 4627 1508 4676 Ex

367 4717 417 4766 ret,
444 4711 464 4758 si
491 4709 628 4772 legeretur:
658 4712 721 4765 Nee,
754 4712 777 4757 si
806 4715 920 4771 capitatas
961 4705 1111 4770 compendiis
1128 4706 1264 4768 scripturae
1274 4704 1343 4753 mille
1355 4718 1449 4753 errores
1460 4707 1508 4754 ort-i
