3750 5759
810 696 993 760 LIBER
1038 696 1062 759 Ι.

413 881 557 948 Sustulit
579 881 743 964 esuriens,
768 881 878 946 minus
901 881 963 946 hoc
986 880 1148 946 iucundus
1172 882 1296 949 amicus

413 985 465 1053 Sit
484 984 589 1050 mihi?
635 985 722 1065 Quid
742 984 879 1068 faciam,
904 985 933 1051 si
956 985 1082 1050 furtum
1103 984 1235 1070 fecerit,
1257 995 1315 1054 aut
1336 990 1365 1054 si

413 1088 599 1155 Prodiderit
620 1088 797 1155 commissa
821 1089 886 1155 fide
907 1111 1107 1176 sponsumve
1128 1091 1275 1176 negarit?

413 1193 494 1275 Quis
514 1193 606 1279 paria
625 1214 696 1259 esse
719 1193 786 1258 fere
807 1193 933 1278 placuit
957 1198 1107 1279 peccata,
1130 1194 1297 1278 laborant,

413 1296 522 1378 Quum
544 1305 681 1365 ventum
700 1299 742 1365 ad
765 1321 878 1365 verum
902 1305 970 1365 cst:
992 1322 1106 1366 seusus
1126 1321 1297 1387 moresque
1312 1313 1508 1391 repugnant,

412 1402 523 1490 Atque
547 1404 620 1490 ipsa
640 1404 784 1488 utilitas,
811 1404 892 1470 insti
918 1426 1019 1491 prope
1042 1410 1147 1470 mater
1171 1411 1204 1471 et
1227 1407 1330 1492 aequi.

413 1505 523 1587 Quum
546 1513 777 1595 prorepserunt
799 1507 915 1594 primis
936 1508 1094 1574 animalia
1115 1508 1209 1574 terris
1220 1557 1229 1593 ‚

414 1611 547 1677 Mutum
566 1617 600 1677 et
623 1617 718 1698 turpe
738 1634 856 1699 pecus,
878 1611 1035 1698 glandem
1057 1617 1156 1699 atque
1179 1612 1300 1678 cubilia
1322 1619 1453 1700 propter

413 1713 590 1800 Unguibus
610 1720 643 1781 et
665 1716 806 1803 pugnis,
829 1715 905 1781 dein
927 1715 1088 1799 fustibus,
1109 1721 1207 1802 atque
1226 1716 1274 1782 ita
1292 1739 1387 1803 porro
1480 1702 1487 1712 ⁸

413 1816 613 1904 Pugnabant
633 1820 750 1903 armis,
771 1842 853 1906 quae
874 1825 952 1907 post
969 1819 1183 1886 fabricaverat
1206 1842 1303 1887 usus:

413 1922 525 1990 Donec
546 1924 659 2008 verba,
682 1924 800 2010 quibus
824 1946 918 1990 voces
942 1946 1122 2010 sensusque
1145 1929 1315 2007 notarent,

412 2025 619 2113 Nominsque
646 2027 817 2093 invenere:
838 2027 956 2093 dehine
979 2027 1138 2093 absistere
1159 2026 1266 2111 belle,

415 2130 544 2216 Oppida
565 2134 741 2216 coeperunt
761 2130 905 2214 munire,
926 2135 960 2195 et
978 2152 1098 2217 ponere
1116 2130 1221 2216 leges,

414 2233 464 2300 Ne
486 2234 559 2322 quis
583 2233 636 2298 fur
655 2239 757 2318 esset,
782 2256 846 2300 neu
870 2233 976 2318 latro,
998 2256 1063 2300 neu
1083 2233 1157 2320 quis
1176 2234 1312 2300 adulter.

413 2338 499 2404 Nam
518 2338 584 2403 fuit
603 2343 680 2404 ante
703 2337 867 2403 Helenam
889 2360 1018 2404 cunnus
1039 2337 1206 2404 teterrima
1225 2338 1304 2403 belli

414 2441 539 2521 Causa3
565 2443 622 2508 sed
645 2441 768 2528 ignotis
793 2441 961 2528 perierunt
978 2441 1139 2508 mortibus
1161 2441 1229 2526 illi,

413 2547 501 2627 Quos
528 2547 686 2612 Venerem
709 2547 868 2613 incertam
891 2546 1059 2632 rapientes
1082 2567 1172 2612 more
1194 2544 1336 2612 ferarum

413 2648 546 2717 Viribus
569 2651 687 2718 editior
708 2651 881 2733 caedebat,
904 2655 943 2716 ut
966 2650 1001 2715 in
1024 2672 1123 2737 grege
1146 2655 1268 2716 taurus.

413 2756 489 2822 Iura
507 2755 642 2823 inventa
663 2764 755 2825 metu
776 2758 893 2824 iniusti
913 2758 1036 2824 fateare
1057 2776 1189 2822 necesse
1212 2760 1277 2836 est,

411 2861 570 2946 Tempora
592 2861 620 2928 si
640 2861 808 2949 fastosque
832 2861 913 2927 velis
938 2861 1086 2927 evolvere
1109 2857 1235 2924 mundi.

413 2963 481 3030 Nec
503 2969 622 3031 natura
637 2970 749 3051 potest
768 2965 856 3031 iusto
878 2986 1042 3031 secernere
1064 2963 1233 3050 iniquum,

413 3068 543 3134 Dividit
566 3074 604 3134 ut
626 3070 713 3136 bona
735 3069 892 3155 diversis,
916 3069 1075 3156 fugienda
1094 3067 1264 3156 petendis:

413 3173 481 3239 Nec
501 3173 612 3239 vincet
637 3175 720 3240 ratic
742 3176 822 3259 hoc,
849 3174 1058 3240 tantumdem
1082 3179 1120 3240 ut
1140 3175 1253 3259 peccet
1273 3169 1438 3255 idemque,

413 3276 478 3358 Qui
497 3281 625 3343 teneros
646 3279 756 3345 caules
778 3277 878 3344 alieni
901 3278 1036 3364 fregerit
1058 3277 1145 3342 horti

414 3380 459 3446 Et
478 3380 535 3467 qui
557 3385 736 3448 nocturnus
761 3406 852 3449 sacra
873 3382 987 3448 divum
1009 3380 1134 3468 legerit.
1182 3377 1283 3443 Adsit

414 3484 562 3571 Regula,
584 3487 726 3571 peccatis
745 3510 828 3574 quae
847 3508 969 3573 poenas
991 3486 1112 3572 irroget
1135 3504 1274 3568 aequas,

413 3590 463 3656 Ne
487 3589 612 3656 scutica
631 3591 770 3677 dignum
794 3592 944 3659 horribili
967 3596 1088 3657 sectere
1110 3586 1250 3673 flagello.

370 3849 452 3915 carc,
470 3853 520 3912 rav
537 3853 587 3917 πρὸ
599 3853 645 3901 ros
657 3850 788 3916 Ἕρμωνος
805 3820 917 3901 ananelo
958 3851 1041 3899 minus
1058 3851 1178 3900 iucundus
1195 3847 1289 3897 amaus
1305 3846 1338 3894 sa
1353 3844 1427 3904 mm,
1438 3843 1505 3908 quon

371 3929 490 3996 πιοτέραν
506 3931 594 3980 οὖσαν.
958 3937 1002 3979 aut
1018 3932 1128 3980 catinum
1151 3929 1239 3992 fregit,
1266 3934 1309 3975 aut
1332 3925 1430 3989 pullum
1446 3930 1504 3973 ante

402 4010 780 4060 Mlausbccinranduscmirns
796 4009 915 4058 sirmiae.
957 4025 997 4059 me
1013 4010 1120 4073 positum
1136 4007 1259 4056 sustulit.“
1284 4005 1465 4055 Animadverte
1480 4010 1505 4052 ct

370 4088 422 4138 Cur
443 4090 531 4153 repetit
552 4089 601 4138 alio
622 4087 757 4149 vocabulo,
778 4090 844 4152 quod
865 4089 915 4137 iam
956 4090 1019 4139 illud
1042 4097 1103 4139 cate
1130 4104 1168 4137 rae
1192 4088 1312 4150 positum.
1351 4083 1383 4131 In
1410 4097 1440 4132 eo
1466 4098 1505 4131 me

369 4169 482 4218 ductat?
519 4171 557 4218 Ob
579 4171 644 4218 hunc
659 4185 712 4219 rem
735 4176 759 4218 et
781 4171 826 4218 lenc
849 4171 914 4219 idem
956 4170 1046 4218 rectius
1062 4168 1191 4218 omisisset.
1225 4164 1345 4213 Horatius
1362 4163 1429 4211 enim
1445 4161 1502 4210 scri·

370 4254 411 4298 cst.
446 4248 474 4299 Si
496 4248 549 4296 iure
570 4247 738 4309 offendamur,
762 4264 839 4313 supra
864 4249 915 4313 legi
955 4250 1004 4313 psit
1023 4251 1135 4312 positum
1157 4251 1216 4294 nate
1235 4257 1280 4307 pro
1301 4249 1361 4291 aare
1378 4242 1504 4304 positum,

369 4334 448 4391 potest
457 4333 554 4376 mutata
564 4328 721 4378 distinctione
732 4331 855 4378 Euandri
864 4345 914 4378 mc·
956 4329 1070 4378 universe
1085 4328 1116 4375 de
1132 4331 1184 4374 tota
1200 4337 1288 4382 coeua3
1306 4337 1361 4370 mea
1377 4324 1405 4369 la
1419 4325 1504 4383 parte,

369 4410 547 4458 niustriam
557 4410 834 4459 mntcobamrem:
851 4410 915 4459 deie-
957 4416 994 4458 est
1010 4415 1070 4458 cate
1085 4423 1136 4465 me,
1161 4411 1186 4454 et
1210 4403 1332 4468 signifieat
1356 4403 1455 4464 pullum
1481 4401 1503 4450 ei

369 4488 414 4547 cit,
435 4487 495 4551 qnia
519 4493 605 4550 potus,
629 4489 661 4537 ob
685 4489 841 4547 ebrietatem,
865 4505 916 4539 uon
957 4489 1032 4538 fuisse
1056 4488 1218 4543 destinatum,
1242 4499 1295 4533 esse
1319 4483 1371 4532 eius
1395 4487 1503 4545 partem.

370 4567 531 4631 petulantiam
548 4574 592 4616 aut
607 4568 739 4618 malitiam:
757 4584 817 4634 ergo
833 4584 915 4634 pecca·
960 4572 1067 4618 Partem
1083 4567 1174 4631 optime
1184 4563 1460 4614 illustravitErhardns
1471 4561 1503 4609 ad

370 4648 506 4698 tnurfaeile
517 4647 702 4711 ignoscendum.
719 4650 917 4716 Potestquoqne:
958 4651 1058 4698 Petrou.
1083 4650 1123 4698 33.
1167 4649 1336 4710 Antepcaere,
1364 4650 1392 4691 ut
1419 4642 1504 4692 Plaut.

370 4732 453 4779 minus
475 4729 664 4778 hisimundus
684 4731 779 4781 amima
794 4733 830 4780 sit
846 4734 916 4791 arabi,
957 4731 1111 4782 Menaechm.
1128 4729 1164 4778 Il.
1181 4742 1209 4777 11.
1229 4729 1253 4776 2.
1288 4729 1389 4776 Bonum
1405 4732 1505 4792 calepo-

370 4810 567 4860 Commontatar:
585 4810 669 4870 „Ordo
681 4819 730 4861 est:
746 4812 778 4861 ob
789 4813 853 4861 hauc
863 4827 915 4862 rem
935 4832 938 4866 ι
957 4828 1015 4862 aum
1033 4812 1171 4874 prandium
1187 4808 1362 4872 pron-raritas.
