3750 5759
351 667 388 727 14
742 661 1093 726 SATlRAliUM

393 851 456 915 Est
479 848 595 913 modus
620 847 654 911 in
679 847 793 929 rebus,
819 856 898 912 sunt
920 848 1000 912 certi
1024 848 1163 934 denique
1186 848 1287 931 fines,

392 953 479 1034 Quos
504 951 591 1016 ultra
614 949 757 1037 citraque
782 950 895 1036 nequit
918 950 1095 1016 consistere
1119 958 1253 1016 rectum.

393 1056 493 1138 Illuc,
517 1053 605 1119 unde
628 1052 710 1137 abii,
733 1053 837 1118 redeo.
885 1053 1025 1118 Nemon'
1049 1071 1085 1119 ut
1108 1076 1224 1119 avarus

394 1161 435 1227 Se
457 1157 591 1244 probet,
616 1179 653 1224 ac
675 1157 786 1243 potius
810 1156 923 1222 laudet
946 1157 1074 1222 diversa
1098 1162 1285 1244 sequentes,

393 1261 550 1347 Quodque
574 1261 681 1326 aliena
703 1260 829 1346 capella
851 1267 945 1346 gerat
968 1260 1145 1326 distentius
1170 1261 1265 1342 uber,

393 1367 567 1448 labescat,
591 1386 697 1450 neque
721 1385 755 1429 se
777 1363 894 1428 maiori
917 1364 1146 1450 pauperiorum

392 1469 516 1536 Turbae
539 1472 722 1553 comparet,
747 1467 834 1532 hunc
857 1472 956 1552 atquc
980 1468 1067 1533 hunc
1092 1490 1243 1554 superare
1267 1467 1417 1532 laboret?

394 1574 447 1641 Sic
470 1570 643 1637 festinanti
667 1592 794 1654 semper
818 1570 1012 1655 locupletior
1035 1572 1160 1637 obstat:

393 1677 459 1760 Ut,
484 1696 586 1761 quum
609 1673 790 1738 carceribus
814 1673 933 1739 missos
956 1674 1044 1760 rapit
1067 1675 1193 1760 ungula
1215 1697 1347 1756 currus,

394 1781 503 1845 Instat
525 1777 617 1865 equis
641 1776 756 1861 auriga
779 1798 854 1842 suos
878 1777 1105 1862 vincentibus,
1131 1778 1227 1843 illum

393 1881 611 1948 Praeteritum
635 1885 785 1946 temnens
809 1885 971 1946 extremos
997 1882 1082 1947 inter
1106 1888 1246 1962 euntem.

393 1987 476 2052 Inde
496 1985 553 2068 fit,
577 1988 617 2048 ut
636 2005 725 2067 raro,
750 1982 807 2069 qui
831 2005 866 2048 se
885 1983 1008 2050 vixisse
1029 1985 1162 2051 beatum

393 2090 508 2173 Dicat,
536 2094 569 2153 et
592 2092 706 2152 exacto
730 2092 905 2153 contentus
926 2093 1072 2174 tempore
1095 2089 1165 2156 vita

348 2222 373 2268 in
396 2220 490 2269 Latino
512 2230 624 2266 sermone
644 2217 759 2280 usurpari
781 2217 897 2264 scimus.“
939 2223 970 2265 ut
981 2218 1114 2277 omittitur,
1130 2227 1155 2267 et
1165 2226 1261 2268 tantum
1272 2221 1307 2269 sic
1318 2220 1425 2282 ponitur.
1442 2219 1494 2267 La·

348 2300 377 2350 Si
394 2298 518 2349 Graecum
535 2295 692 2360 proverbium
710 2295 800 2343 alicubi
816 2302 898 2343 exsta·
939 2298 1021 2346 tinum
1037 2307 1101 2346 erat:
1121 2301 1178 2358 Sic,
1199 2315 1256 2348 cum
1272 2301 1416 2362 carceribus
1432 2301 1493 2346 nris·

347 2385 398 2437 ret,
420 2377 511 2426 certius
533 2377 563 2423 de
580 2390 607 2424 re
623 2376 672 2423 ista
688 2376 791 2424 indicari
808 2384 897 2438 posset.
937 2393 976 2426 sos
996 2381 1069 2440 rapit
1090 2381 1185 2442 ungala
1207 2394 1313 2428 carrus:
1337 2378 1492 2429 Doderlinus

348 2457 508 2520 Propertius,
532 2462 599 2504 totus
616 2453 666 2504 fera
687 2470 703 2502 a
719 2454 821 2505 Graecis
838 2469 897 2517 pen·
938 2460 976 2506 sic
992 2459 1023 2505 ad
1040 2458 1168 2521 sequentia
1185 2457 1270 2506 refert:
1289 2458 1331 2521 qui
1348 2459 1434 2506 eodem
1452 2471 1491 2505 sr-

347 2537 420 2595 denr,
437 2536 546 2585 imitatus
563 2551 616 2585 esse
633 2538 738 2585 videtur.
772 2537 897 2584 Baxterus
938 2537 997 2584 dore
1019 2537 1088 2600 cupit
1105 2537 1216 2595 divitias,
1238 2552 1287 2600 quo
1309 2537 1398 2599 auriga
1414 2537 1491 2584 victo

260 2624 270 2635 “·
306 2660 331 2695 ”x
347 2617 506 2680 proverbium
539 2617 574 2665 sic
591 2615 713 2678 concepit:
737 2613 851 2678 διήνεγκε
875 2633 898 2662 τι
938 2614 1014 2663 riam:
1032 2616 1067 2663 sic
1085 2615 1171 2673 instat,
1189 2623 1217 2664 ut
1233 2616 1323 2679 auriga
1339 2616 1422 2664 instat.

331 2696 444 2753 'Tarsia
468 2697 511 2745 sai
538 2694 660 2744 Βισέλλου
692 2693 786 2758 impia.
829 2693 897 2741 Tum
972 2697 1148 2744 Praeteritum
1166 2701 1275 2744 ternnera
1291 2696 1491 2745 ermemosinter

347 2787 406 2822 vero
428 2789 479 2822 non
495 2782 533 2823 est
548 2774 617 2824 locus
634 2774 715 2823 Tanai
731 2773 835 2836 spadoni
851 2786 898 2820 nec
938 2779 1046 2823 euntem.
1080 2774 1245 2822 Doderlinus:
1263 2776 1488 2837 „reiut,quasiin·

347 2867 432 2902 socero
456 2853 557 2903 Visellii
584 2854 714 2913 hernioso,
742 2853 844 2902 minime
868 2852 897 2900 li·
938 2859 978 2902 ter
1006 2859 1129 2902 extremos
1158 2860 1263 2903 euntem.
1302 2854 1408 2919 Quivis,
1439 2855 1490 2904 iam

348 2933 418 2982 berto
427 2934 580 2982 Maecenatis
592 2941 635 2982 aut
646 2935 804 2983 Plancornm.
824 2933 898 2982 Unde
937 2933 1094 2995 praeteritus,
1113 2934 1215 2996 aurigae
1229 2934 1326 2982 videtur
1337 2934 1426 2982 similis
1438 2935 1489 2994 illi,

347 3012 414 3060 enim
432 3013 555 3063 Graecum
573 3014 732 3077 proverbium
752 3014 783 3061 de
806 3013 897 3061 Roma·
938 3013 980 3076 qui
998 3013 1017 3060 it
1034 3013 1097 3061 inter
1114 3020 1250 3061 extremos:
1268 3013 1357 3074 auriga
1373 3027 1423 3062 non
1439 3029 1490 3063 ces·

347 3092 385 3140 nis
402 3093 472 3140 istis?
938 3099 988 3148 sat,
1007 3093 1075 3155 prius
1093 3107 1168 3156 quarn
1185 3093 1295 3141 omnium
1317 3092 1427 3154 primum
1448 3110 1489 3143 su-

385 3173 428 3220 Sic
452 3170 593 3233 festinanti
623 3187 721 3234 seniper
754 3172 899 3232 locupletior
938 3172 1037 3234 pererit.
1070 3172 1145 3221 Alias
1167 3173 1215 3220 tria
1237 3171 1326 3219 ultima
1348 3173 1424 3220 verba
1447 3190 1489 3236 pa·

346 3252 434 3300 obstat.
452 3249 629 3313 cogitaveram
639 3252 669 3299 de
679 3250 725 3298 hoc
735 3263 810 3298 versu
820 3256 898 3298 traus-
938 3265 993 3298 rum
1005 3250 1168 3313 significant.“
1187 3251 1271 3300 Acuta
1279 3259 1304 3299 et
1320 3265 1386 3300 vere.
1408 3253 1489 3302 Hora-

346 3331 470 3394 poneudo:
493 3332 543 3388 Ut,
569 3347 624 3380 cunr
649 3330 791 3380 carceribus
813 3330 899 3378 niueos
938 3331 987 3378 tius
1020 3330 1168 3393 particulam
1195 3331 1388 3393 comparativam
1416 3347 1490 3397 saepe

346 3412 416 3474 rapit
444 3414 539 3473 ungala
571 3426 678 3469 curras,
713 3411 800 3458 Instat
828 3412 899 3471 equis
938 3411 1037 3469 omittit,
1055 3411 1211 3469 scdrar0,ni
1224 3409 1490 3474 fallor,tamobscure,

346 3492 451 3554 aumas,
467 3506 525 3540 suos
542 3492 711 3548 uincentibus,
729 3491 802 3538 iilum
814 3492 896 3538 Prae·
938 3504 1013 3552 quam
1030 3490 1081 3550 hic;
1107 3497 1208 3553 apparet
1232 3489 1272 3537 vel
1298 3503 1330 3538 cx
1355 3505 1397 3550 co,
1423 3497 1489 3557 quoa

347 3572 452 3620 teritum
469 3577 590 3628 temnens,
612 3576 735 3619 artremos
752 3570 822 3617 inter,
836 3584 897 3616 eun·
938 3583 1011 3616 nemo
1020 3569 1090 3628 vidit,
1100 3570 1166 3632 quod
1177 3569 1239 3617 vidit
1250 3569 1411 3619 Doderlinus.
1435 3572 1490 3623 Cur

347 3654 411 3697 tem:
430 3650 473 3697 Sic
482 3649 623 3711 festinanti
637 3662 734 3709 semper
751 3647 897 3708 locupletior
938 3662 988 3696 non
1005 3649 1085 3711 potius
1103 3649 1248 3712 scripsisset:
1264 3652 1439 3701 Praeteritum
1447 3671 1488 3704 ea-

346 3730 436 3777 obstat.
471 3729 547 3776 Nunc
564 3742 580 3774 a
596 3727 758 3788 grammatico
775 3725 896 3773 adiectum
939 3734 1031 3778 tremos
1063 3735 1173 3776 temnens
1197 3730 1265 3777 celat
1290 3731 1357 3778 inter
1381 3738 1489 3782 cientem.

347 3807 526 3857 essearbitror.
551 3807 598 3877 Hi,
615 3812 739 3853 utuotum
751 3812 896 3867 cst,sacpc‚
939 3808 981 3857 Sic
1003 3823 1076 3856 nemo
1096 3815 1204 3856 mcutcm
1225 3809 1311 3871 poetae
1333 3824 1383 3858 non
1404 3815 1488 3862 statim

347 3889 413 3954 quod
423 3885 598 3950 comparationi
607 3886 690 3932 deesse
698 3883 830 3946 putabant,
841 3899 896 3946 snp-
938 3887 1110 3936 intellexisset.

346 3969 485 4033 plevcrunt.
518 3965 569 4016 Vei
587 3978 652 4012 unus
669 3963 775 4026 Virgilii
791 3964 897 4012 locusin
971 3970 1073 4016 Eraria
1090 3972 1220 4016 contentas
1238 3971 1415 4030 temperentia
1443 3972 1488 4020 σε.

348 4048 441 4112 Georg.
463 4046 484 4095 Ι.
501 4045 557 4094 512.
581 4045 640 4091 satis
664 4044 782 4098 ostendit,
804 4051 897 4106 quanto
937 4049 983 4095 dat
1008 4048 1048 4094 uti
1072 4047 1174 4095 coracina
1198 4052 1278 4095 satur.
1314 4047 1342 4096 Si
1366 4049 1488 4100 Horatius

347 4128 484 4192 elegantior
504 4126 558 4174 sinc
579 4139 653 4172 versu
674 4124 721 4171 isto
741 4122 785 4171 fiat
806 4123 896 4172 oratio:
937 4126 1075 4188 scripsisset
1091 4127 1170 4183 vitae,
1188 4126 1488 4189 quodWakcfputabat,
1517 4121 1520 4127 ’

347 4209 455 4257 Vicinae
471 4207 554 4268 ruptis
573 4207 640 4252 inter
663 4219 688 4252 se
710 4204 802 4264 legibus
823 4206 897 4252 urbes
938 4208 1066 4268 iungerem
1078 4205 1144 4254 vitae
1154 4211 1240 4264 satur,
1252 4213 1280 4254 ut
1290 4208 1399 4266 suavius,
1411 4205 1488 4271 quam

347 4302 421 4336 arma
430 4286 540 4351 seruiit:
558 4285 639 4332 saevit
653 4288 704 4332 toto
715 4282 749 4329 M
749 4298 792 4331 ars
802 4284 896 4346 impius
937 4290 1047 4345 tenipore
1062 4285 1137 4332 vitae.
1162 4284 1307 4346 Lucretius,
1324 4287 1373 4334 iam
1385 4303 1401 4335 a
1411 4289 1487 4339 Lam-

346 4369 408 4416 arae
448 4368 498 4419 Ut,
514 4379 592 4427 quarn
608 4363 749 4412 carceribus
765 4375 816 4411 sese
832 4362 896 4425 effu·
936 4362 1207 4420 binolaudatus,111.
1225 4365 1280 4414 951.
1318 4366 1373 4414 Car
1391 4383 1441 4416 non
1458 4375 1488 4417 ut

259 4430 262 4435 ’
346 4447 404 4494 dere
420 4444 569 4506 quadripes,
586 4441 693 4490 Addunt
710 4443 739 4489 in
754 4443 854 4503 spatia,
872 4448 896 4491 et
936 4444 1025 4505 plenus
1050 4442 1117 4490 ritae
1142 4444 1244 4492 convica
1268 4446 1373 4502 recedis,
1401 4447 1488 4508 Aequo

340 4524 450 4589 frustra
483 4523 627 4572 retinacula
657 4523 759 4571 tendens
801 4524 896 4571 Fertur
936 4521 1067 4582 animoque
1083 4523 1154 4583 capis
1170 4537 1295 4584 securam,
1312 4525 1402 4582 stulte,
1419 4526 1487 4587 quie·

346 4605 415 4667 equis
431 4603 535 4666 surina,
556 4616 634 4663 neque
655 4601 836 4649 audit-currus
853 4603 895 4648 ba·
937 4601 1001 4646 tene?
1036 4598 1130 4649 Seneca
1146 4601 1227 4664 Epist.
1246 4602 1284 4651 61.
1316 4605 1390 4662 Viri,
1407 4618 1486 4666 qaan-

345 4686 426 4733 senaa
460 4682 555 4731 Eodem
577 4680 650 4728 modo
671 4681 697 4727 in
714 4678 896 4740 comparatione
937 4681 1071 4729 tunicatis
1089 4686 1161 4730 erat:
1180 4685 1486 4746 mortemplenuseaspe-
