3750 5759
366 672 407 734 st

737 654 1127 727 SA'llllAllUM.

414 856 522 934 Quum
547 853 586 917 tle
610 873 644 917 se
667 847 831 933 loquitur,
856 866 922 910 non
946 848 985 908 ut
1008 841 1131 906 maiore
1155 835 1340 924 reprensis?

368 1025 399 1072 de
420 1022 529 1071 Lucilio:
557 1022 614 1070 Non
634 1024 701 1071 eiciet
725 1038 810 1073 rerem
840 1023 913 1071 Enni

369 1104 494 1166 peritate
522 1103 652 1150 rrrinores.“
692 1103 778 1151 Verba
802 1103 913 1152 debuisse

369 1198 426 1232 corre
441 1183 521 1230 dicere
541 1188 599 1229 sunt
620 1182 752 1240 eiicienda,
774 1183 865 1246 quippe
881 1195 913 1228 cx

370 1260 447 1309 altero
464 1253 563 1310 Scholio
578 1261 628 1308 hue
638 1260 719 1320 illata,
736 1270 765 1310 ut
780 1263 872 1310 centies
888 1261 914 1308 in

371 1341 476 1392 Scholiis
492 1341 545 1388 istis
557 1340 654 1389 accidit.
685 1342 783 1391 Ennius
805 1343 914 1390 dixerat:

370 1424 535 1485 leteserreas
552 1422 632 1469 bostis
658 1423 757 1470 Horret
772 1437 839 1484 oper.
864 1422 914 1470 Lu·

369 1500 439 1549 cilius
455 1515 499 1564 per
515 1501 653 1549 irrisionem
669 1501 744 1551 dixit:
771 1503 868 1550 Horret
890 1506 915 1549 et

369 1583 436 1643 olpet
452 1596 518 1643 oper:
551 1579 648 1629 Lucilio
664 1595 714 1628 non
731 1580 842 1644 placebat
858 1579 914 1644 ser·

369 1674 442 1708 rerer.-
458 1660 565 1708 mntarit
581 1675 691 1719 versum,
707 1660 791 1710 addito
802 1666 828 1709 et
838 1662 915 1723 asper,-

368 1740 497 1802 ambigue,
513 1755 572 1788 nam
589 1741 654 1804 quod
665 1740 782 1803 ferream
792 1740 914 1801 estalqet,

368 1825 393 1866 et
410 1833 496 1867 versus
513 1821 586 1882 siper,
602 1818 707 1881 frigidus
724 1826 767 1868 est.

401 1897 450 1959 Qui
467 1914 553 1948 versus
569 1899 647 1947 Ennii
663 1898 699 1947 sic
714 1897 833 1952 mutabat,
849 1896 914 1943 idem

369 1991 454 2026 versus
466 1978 536 2027 Accii
546 1978 648 2037 ridebat,
666 1994 726 2041 quos
739 1976 856 2040 gravitati
864 1984 913 2023 tra·

367 2058 436 2120 gicae
460 2074 548 2122 pamm
573 2060 721 2122 respondere
741 2055 914 2105 arbitrabatur.

368 2137 550 2187 Animadverte
567 2145 662 2197 autem,
680 2137 804 2186 contraria
831 2142 856 2184 et
872 2149 913 2197 op·

367 2218 446 2281 posita
463 2218 509 2266 sibi
519 2218 641 2266 scribendi
653 2233 745 2281 genera
754 2255 761 2277 ,
770 2216 846 2266 Ennii
860 2229 913 2263 ora-

368 2299 460 2346 tionem
484 2297 603 2360 tragicam
628 2299 655 2345 in
671 2296 825 2352 Annalibus,
842 2293 914 2343 Accii

368 2377 485 2425 humilem
502 2377 529 2424 in
545 2377 686 2440 tragoediis.
712 2377 745 2424 M
747 2383 820 2425 utere
837 2382 861 2423 et
879 2375 914 2422 ri-

367 2459 424 2505 dere
440 2457 506 2504 idem
522 2457 669 2520 significant.
687 2457 825 2506 Grnoitoie
837 2456 913 2503 mino·

366 2551 408 2584 res
425 2535 610 2586 commentator
621 2538 796 2601 interpretatur
813 2535 914 2593 „prinus

366 2632 453 2678 praees
464 2633 539 2679 qoem
551 2621 672 2680 oportet.“
689 2615 843 2680 Porphyrie:
855 2613 914 2677 „qni

365 2695 474 2745 minores
498 2706 568 2756 sunt,
593 2711 743 2761 quamquam
768 2694 915 2758 dignitatem

366 2775 418 2824 eins
430 2774 506 2838 possit
518 2777 639 2840 asseqni.“
657 2775 718 2834 Sco,
734 2772 913 2822 utemendavi:

366 2856 410 2918 qui
426 2858 534 2906 rainere-s
556 2863 623 2914 suri,
649 2873 724 2919 quoru
746 2857 790 2917 qai
806 2855 914 2916 dipnito·

367 2943 415 2984 teor
441 2937 494 2984 eius
513 2937 612 2997 possint
631 2937 738 2999 assequi.
774 2933 802 2983 Si
828 2947 914 2981 versus

366 3016 509 3077 reprehensi
525 3023 583 3063 sunt
600 3017 707 3064 rrrinores
723 3015 861 3076 peritate,
879 3012 915 3059 di-

368 3095 488 3156 gnitatem
512 3096 599 3158 poitae
616 3109 667 3142 non
683 3093 780 3156 assequi
798 3101 915 3155 possunt,

367 3182 426 3222 sont
442 3174 570 3223 inferiores
586 3181 684 3222 caetera
693 3173 822 3236 gravitate.
848 3173 915 3221 Gre-

368 3257 436 3303 oites
456 3254 590 3304 verborum
602 3254 703 3318 propria
719 3260 757 3302 est
772 3251 915 3314 tragoediis,

368 3341 421 3382 erat
443 3334 555 3398 inprimis
578 3334 663 3386 Ateio.
697 3334 752 3382 Iam
776 3331 914 3390 Pacuvius,

369 3413 409 3462 cui
426 3416 507 3463 Arree
528 3414 638 3478 legebat,
654 3430 745 3464 sonora
762 3419 787 3463 et
806 3414 914 3476 prandio

370 3496 395 3541 ia
412 3495 461 3542 isto
479 3496 607 3556 tropoedio
619 3496 846 3556 epiroseebetsteste
857 3491 914 3541 Gel-

369 3573 401 3621 lio
419 3574 452 3621 N.
469 3572 503 3621 A.
521 3573 599 3621 XIII.
617 3587 645 3621 11.
665 3574 757 3622 Accitis
769 3578 844 3634 atq-tre
863 3572 915 3617 Pa·

369 3653 462 3709 cuvius,
480 3651 515 3699 ait
536 3650 641 3712 Quintil.
659 3651 740 3699 Instit.
757 3648 827 3706 Orat,
844 3651 878 3698 X.
896 3665 914 3697 1.

369 3731 409 3782 97.
426 3731 564 3780 clarissimi
578 3731 707 3792 pronitate
723 3730 915 3786 sententiarum,

368 3812 499 3858 roborum
513 3810 630 3870 pondre,
646 3814 672 3855 et
688 3808 842 3856 auctoritaie
860 3823 915 3868 per·

368 3903 497 3936 sonoram.
532 3885 605 3936 Ovid.
632 3887 652 3934 1.
678 3886 767 3934 Amor.
793 3886 853 3935 XV.
877 3889 914 3936 19.

369 3967 474 4014 Ennius
499 3971 556 4014 orte
580 3980 675 4021 corea,
698 3966 850 4029 atrirrrorique
866 3969 915 4014 Ae-

298 4096 302 4102 ,
369 4046 423 4092 eius
439 4045 497 4093 oris.

404 4123 469 4172 Crem
486 4125 516 4173 de
539 4126 693 4187 reloquitur
714 4140 763 4174 nore
779 4127 918 4175 atrociore

368 4205 499 4266 repressis.
535 4203 732 4254 commentator:
758 4206 833 4264 „Non
854 4212 915 4253 tam

368 4299 443 4348 qnam
460 4284 538 4333 maior
555 4285 588 4333 sit
599 4285 650 4344 his,
662 4300 723 4349 quos
735 4285 915 4348 reprehendit.“

369 4366 448 4414 Aere:
467 4366 581 4429 „quando
597 4367 627 4413 de
644 4380 675 4414 se
687 4365 803 4428 loquitur,
820 4379 870 4413 non
881 4365 917 4413 sie

368 4443 427 4492 dicit
443 4444 514 4507 quasi
530 4445 616 4494 melior
633 4447 666 4494 sit
681 4444 732 4494 illis
749 4445 839 4508 po'etis,
856 4461 916 4508 quos

368 4525 420 4587 ipse
448 4525 628 4587 reprehendit.“
665 4525 815 4588 Porphyrie:
843 4541 915 4584 „eum

368 4604 403 4652 ita
420 4619 465 4652 sua
481 4611 588 4654 ostentat
603 4606 741 4669 scriptaque
753 4606 869 4655 Enniana
880 4622 916 4655 re·

367 4682 504 4746 prehendit,
521 4692 547 4732 ut
564 4694 707 4734 nontamen
718 4686 916 4749 Ennioseprae·
935 4710 938 4759 s
957 4687 1068 4751 prensis?

954 1033 1035 1088 licoat.
1070 1025 1120 1074 Per
1136 1038 1200 1088 quae
1225 1022 1281 1071 vult
1301 1018 1412 1082 intelligi
1427 1017 1513 1066 Hora-

953 1104 1003 1153 tius
1028 1111 1052 1152 ct
1074 1119 1127 1154 sese
1147 1105 1183 1153 ita
1204 1102 1296 1152 Lucilii
1316 1113 1405 1148 versus
1426 1109 1513 1160 repre·

954 1184 1076 1242 hendisse,
1084 1191 1112 1232 ut
1123 1191 1268 1233 nontamen
1279 1195 1305 1229 se
1317 1181 1339 1229 ei
1351 1178 1513 1240 anteponat.‘⁴

955 1263 1036 1323 Vere,
1053 1271 1120 1328 puto.
1156 1264 1188 1312 In
1213 1263 1259 1310 hac
1281 1266 1365 1309 autem
1386 1255 1515 1307 sententia

956 1341 1067 1406 loquitur
1083 1343 1109 1391 in
1126 1342 1204 1391 altero
1220 1340 1332 1389 membro
1347 1335 1515 1400 repetendum

956 1429 1004 1470 est:
1022 1436 1079 1470 cum
1096 1423 1126 1470 de
1143 1420 1308 1484 reloquitur,
1330 1417 1443 1481 loquitor
1460 1429 1515 1463 non

955 1510 984 1551 ut
1000 1503 1030 1551 de
1052 1503 1152 1551 maiore.
1186 1499 1300 1550 Lucilius
1321 1499 1374 1561 ipse
1397 1496 1516 1559 agnoscit

955 1596 982 1630 se
998 1596 1048 1630 non
1065 1582 1198 1638 maiorem,
1216 1580 1258 1627 sed
1275 1578 1410 1632 minorem,
1433 1582 1459 1623 et
1478 1574 1516 1622 fa·

955 1661 1028 1710 cilios
1045 1674 1097 1709 esse
1114 1659 1306 1723 reprehendere,
1328 1669 1405 1720 quam
1428 1668 1516 1703 emen-

956 1742 1022 1790 dare.
1045 1742 1116 1790 Idem
1134 1747 1187 1789 erat
1204 1739 1322 1787 iudicium
1332 1734 1417 1786 Ovidii
1429 1734 1516 1797 Epist.

956 1835 988 1869 ex
1006 1821 1087 1870 Ponto
1103 1820 1154 1870 III.
1164 1834 1202 1869 rx.
1221 1819 1260 1869 15.
1277 1832 1344 1881 seqq.
1355 1817 1415 1864 Nera
1425 1816 1517 1864 eodem

956 1903 1023 1950 ratio
1047 1906 1094 1960 est,
1117 1901 1209 1948 sentire
1234 1905 1259 1947 et
1285 1900 1380 1946 densere
1397 1897 1516 1954 rrrorbes5

959 1983 1051 2031 Sensus
1061 1982 1125 2029 inest
1137 1979 1235 2028 cernetis
1244 1977 1261 2023 .·’
1270 1978 1371 2026 tollitur
1383 1980 1443 2024 orte
1460 1991 1516 2023 rru-

956 2062 1015 2108 inor.
1043 2059 1174 2122 Corripere
1190 2063 1219 2106 ot
1236 2071 1276 2105 res
1292 2061 1328 2104 est
1347 2060 1421 2103 terete
1432 2055 1518 2118 irrepis

956 2141 1050 2198 serdica,
1079 2142 1174 2201 qaento
1219 2137 1331 2198 Maprrns
1360 2135 1517 2183 Aristarcho

956 2220 1036 2268 enaim
1063 2219 1190 2266 Horrrerns
1215 2221 1279 2265 erat
1313 2213 1381 2272 Alii,
1406 2220 1436 2261 ut
1461 2213 1517 2261 iam

956 2298 1096 2355 Gesnerus,
1107 2296 1209 2360 legunt:
1230 2295 1294 2344 Cum
1308 2295 1338 2342 de
1354 2293 1516 2355 reloquitur,

956 2394 1005 2427 nore
1022 2384 1051 2426 ut
1068 2379 1163 2426 rrreiore
1178 2372 1326 2438 repressis?
1345 2373 1361 2420 i.
1372 2387 1392 2421 e.
1410 2386 1471 2421 eum
1483 2374 1518 2422 de

956 2472 982 2506 se
999 2457 1110 2524 loquitur
1126 2455 1253 2511 Lucilius,
1271 2453 1306 2501 ita
1322 2452 1433 2515 loquitur
1449 2460 1517 2501 tam-

956 2552 1031 2600 quam
1048 2539 1079 2586 de
1096 2537 1189 2585 maiore
1205 2534 1248 2591 iis,
1265 2546 1326 2595 quos
1342 2531 1517 2594 reprehendit.

956 2618 1070 2667 Lucilius
1088 2617 1134 2674 ita,
1160 2614 1256 2663 loeutus
1272 2614 1303 2661 de
1320 2611 1415 2669 Ennio,
1439 2612 1470 2661 de
1488 2627 1518 2661 se

956 2700 1073 2762 loquens,
1098 2696 1201 2744 diceret:
1231 2695 1311 2742 nerim·
1335 2706 1390 2741 sum
1417 2693 1518 2742 Ennio.

957 2778 1022 2826 Tam
1039 2790 1118 2824 vanus
1135 2781 1159 2823 et
1175 2774 1274 2839 ipeptus
1290 2786 1341 2830 nou
1357 2778 1518 2835 eretusque

956 2858 990 2906 sie
1015 2862 1087 2905 notus
1110 2869 1143 2903 ex
1167 2852 1281 2902 Horatio.
1322 2852 1362 2900 De
1388 2851 1519 2900 sententia

956 2951 1006 2985 non
1023 2935 1121 2990 dubito,
1138 2933 1181 2982 sed
1198 2947 1230 2980 an
1247 2931 1367 2980 Horatius
1383 2945 1441 2979 eam
1458 2931 1517 2982 istis

955 3015 1037 3064 verbis
1055 3012 1228 3078 expressisset,
1246 3011 1293 3058 hoe
1310 3008 1402 3058 dubito.
1426 3011 1518 3061 Multo

956 3094 1046 3143 clarius
1072 3099 1097 3140 et
1121 3091 1202 3152 magis
1228 3089 1318 3138 Latino
1335 3090 1516 3151 expressisset:

957 3174 1022 3223 Cura
1040 3173 1152 3235 loquitor
1168 3172 1199 3219 oie
1214 3184 1255 3228 se,
1267 3174 1297 3216 ut
1308 3169 1338 3216 de
1349 3183 1399 3216 ren
1416 3171 1517 3220 rrroiow

954 3253 1087 3316 repressis.

988 3329 1138 3380 Doderlinus
1156 3344 1253 3393 qnoque
1278 3329 1304 3376 iu
1322 3326 1428 3390 vulgata
1452 3330 1515 3377 scri-

954 3419 1028 3475 ptura
1051 3410 1127 3459 trium
1148 3422 1267 3457 versuum
1289 3407 1437 3470 explicanda
1454 3407 1515 3457 hae·

954 3499 1004 3541 ret:
1022 3497 1106 3540 irrotat
1122 3505 1167 3554 pro
1182 3491 1343 3552 reprehendit
1358 3487 1382 3536 ei
1398 3500 1450 3536 non
1459 3489 1515 3552 pla·

953 3579 999 3622 eet.
1033 3570 1165 3635 Cogitabat
1187 3571 1217 3618 de
1242 3568 1317 3617 verbo
1341 3568 1464 3617 mutando
1484 3569 1515 3618 in

956 3654 1064 3709 ruordet,
1081 3652 1189 3714 accipere
1206 3655 1287 3698 tamen
1304 3647 1413 3696 malebat
1423 3648 1455 3695 de
1465 3662 1514 3710 po-

956 3733 1035 3780 rodr'o.
1069 3730 1195 3786 Lucilius,
1217 3728 1264 3785 ait,
1289 3728 1365 3776 comis
1386 3728 1439 3790 ipso
1456 3741 1514 3776 ora-

956 3810 1035 3868 tione,
1060 3810 1134 3872 longe
1157 3809 1269 3857 diversus
1291 3823 1306 3856 a
1325 3808 1437 3870 tragica,
1456 3822 1513 3856 ora-

956 3888 1049 3938 tionem
1059 3890 1143 3947 Accii,
1162 3888 1286 3937 interdum
1302 3887 1443 3950 plusquam
1460 3895 1512 3937 tra-

959 3969 1051 4032 gicam,
1072 3970 1135 4018 ridet
1157 3969 1183 4017 iu
1200 3968 1314 4032 parodia,
1331 3968 1392 4016 dum
1409 3981 1466 4015 com
1483 3967 1511 4016 in

957 4063 1052 4098 comem
1069 4058 1094 4098 et
1119 4049 1248 4112 vulgarem
1269 4054 1432 4109 transmutat;
1458 4050 1512 4098 En-

957 4129 1027 4176 nium
1044 4136 1130 4176 eontra
1146 4126 1209 4175 ridet
1226 4133 1353 4189 tamquam
1371 4127 1446 4178 nimis
1463 4129 1511 4178 hu-

958 4208 1041 4256 milem
1058 4213 1082 4255 ct
1099 4206 1243 4268 pedestrem,
1260 4213 1284 4253 ct
1300 4219 1362 4254 sono
1377 4206 1441 4270 epici
1457 4223 1511 4256 ear-

958 4288 1031 4335 minis
1056 4286 1208 4334 destitutum.
1251 4284 1317 4333 Turn
1345 4285 1422 4348 legit:
1451 4290 1511 4338 Non

957 4369 1024 4416 ridet
1041 4381 1123 4416 uersus
1149 4367 1220 4414 Enni
1238 4367 1364 4427 monitate
1381 4367 1508 4418 retineres?

960 4446 1024 4494 Curre
1050 4449 1079 4494 de
1097 4461 1123 4494 se
1146 4447 1260 4508 loquitur
1284 4460 1334 4493 rore
1359 4449 1389 4492 ret
1416 4449 1511 4496 rrroiore

957 4527 1098 4588 repressis?
1151 4525 1218 4575 Cum
1254 4523 1365 4588 loquitur
1398 4525 1430 4574 de
1466 4541 1508 4586 sc,

957 4621 1007 4656 non
1029 4608 1138 4671 loquitur
1158 4616 1285 4671 tamquam
1310 4607 1340 4654 de
1361 4607 1455 4656 maiore
1472 4623 1509 4657 re-
