3750 5759
367 695 410 757 60
760 686 1112 753 SATIRARUM

410 874 573 941 Mercedes
595 894 761 958 sequerer3
782 895 887 958 neque
908 893 968 957 ego
988 892 1093 936 essem
1111 875 1262 956 questus3
1284 876 1319 935 at
1336 869 1399 935 hoc
1422 891 1513 935 nunc

411 981 497 1044 Laus
522 978 571 1042 illi
595 978 731 1042 debetur
748 982 781 1042 et
804 999 823 1041 s
843 998 896 1041 me
914 974 1023 1060 gratia
1043 974 1155 1039 maior.

409 1083 467 1147 Nil
487 1105 537 1147 me
556 1082 723 1168 poeniteat
741 1103 858 1145 sanum
878 1078 982 1164 patris
1005 1077 1122 1156 huius3
1147 1099 1248 1164 eoque

410 1187 501 1269 Non,
521 1191 559 1251 ut
581 1207 701 1271 magna
725 1184 800 1249 dolo
824 1183 950 1248 factum
968 1187 1069 1268 negat
1091 1204 1162 1247 esse
1187 1203 1246 1247 suo
1266 1203 1361 1268 pars,

412 1291 505 1371 Quod
529 1312 595 1354 non
617 1290 777 1374 ingenuos
805 1288 924 1353 habeat
947 1287 1115 1372 clarosque
1136 1292 1308 1372 parentes,

412 1394 465 1459 Sic
490 1415 543 1458 me
565 1393 746 1458 defendam.
797 1392 909 1476 Longe
928 1413 1002 1455 mea
1020 1390 1182 1475 discrepat
1203 1390 1276 1456 istis

412 1498 458 1562 Et
480 1519 544 1562 vox
569 1502 602 1561 et
622 1495 715 1560 ratic.
764 1496 851 1560 Nam
875 1494 903 1559 si
929 1499 1047 1558 natura
1067 1493 1194 1559 iuberet

412 1603 443 1665 A
466 1601 562 1666 certis
585 1599 680 1664 annis
702 1621 818 1664 aevum
839 1601 983 1663 remeare
1001 1602 1169 1681 peractum

412 1707 523 1791 Atque
542 1704 624 1769 alios
648 1704 770 1791 legere,
793 1703 833 1768 ad
861 1702 985 1767 fastum
1010 1722 1231 1788 quoscumque
1251 1707 1402 1788 parentes

403 1853 426 1898 A
445 1852 522 1900 certia
538 1852 612 1898 annu
628 1865 716 1898 aevum
732 1862 843 1897 remeare
857 1862 913 1910 per·
955 1847 1005 1895 tius
1018 1846 1142 1896 voluntati
1154 1852 1259 1895 naturae
1270 1847 1412 1895 resisteret?
1432 1845 1511 1895 Scho-

367 1937 460 1981 cctum.
494 1931 552 1980 Non
576 1930 635 1977 setis
656 1927 769 1989 intelligo
790 1927 850 1989 quid
865 1925 915 1973 sint
956 1926 1043 1975 liastae
1072 1927 1120 1976 hoc
1151 1926 1279 1984 videntes,
1309 1927 1512 1990 interpretantur

370 2011 432 2058 anne·
448 2012 520 2059 certi,
548 2009 575 2058 A
593 2007 735 2059 Scholiastis
752 2005 814 2053 nihil
830 2005 914 2053 disces.
956 2008 1070 2064 iuberet,
1095 2009 1273 2069 permitteret:
1302 2006 1511 2056 Commentator:

368 2088 566 2138 Commentator:
590 2086 635 2147 „Si
657 2092 747 2134 natura
762 2085 916 2147 permitteret
956 2086 1039 2143 „Nam
1064 2086 1086 2135 si
1110 2094 1201 2135 natura
1225 2101 1266 2135 me
1289 2086 1447 2150 permitteret
1471 2099 1512 2134 re·

367 2183 408 2217 me
425 2168 528 2225 renasci,
544 2173 569 2215 et
586 2165 677 2228 eligere
690 2171 804 2227 parentes
818 2178 850 2212 ex
861 2163 915 2226 qui·
956 2165 1037 2224 nasci,
1060 2172 1085 2213 et
1107 2165 1200 2229 eligere
1220 2173 1347 2229 parentes,
1369 2163 1511 2227 exquibus

368 2249 414 2296 bus
431 2248 569 2295 nascerer.“
603 2246 685 2294 Acro:
704 2244 747 2303 „Si
758 2251 849 2291 natura
859 2256 915 2290 eon-
956 2257 1082 2301 nascerer,
1100 2258 1148 2306 ego
1163 2258 1212 2292 non
1226 2244 1327 2292 mallem
1339 2258 1372 2292 ex
1383 2243 1511 2293 honestio-
1531 2248 1534 2253 '

368 2328 465 2377 cederet
481 2333 510 2374 ut
526 2325 637 2373 homines
654 2331 848 2379 renascerentur,
866 2321 916 2378 vel,
956 2323 1023 2372 ribus
1041 2324 1132 2372 muniis
1150 2323 1240 2373 functis
1257 2323 1338 2381 nasci,
1356 2337 1432 2386 quam
1454 2323 1509 2386 qui-

369 2405 456 2469 quodsi
473 2412 563 2452 natura
579 2404 669 2453 faceret
686 2403 794 2467 aliquem
814 2418 830 2450 a
849 2409 916 2450 certo

369 2500 435 2533 anno
456 2492 563 2546 repetere
586 2484 663 2531 vitam
685 2498 756 2531 suam
777 2490 832 2545 post
851 2496 915 2529 mor·

369 2568 443 2612 tem.“
478 2564 533 2612 Hoc
557 2569 594 2611 est
615 2561 706 2625 duplex
729 2561 915 2624 interpretatio:

369 2646 412 2708 qni
434 2645 578 2693 renascitur
599 2642 676 2690 vitem
697 2641 786 2704 repetit
804 2656 820 2688 a
835 2641 916 2703 primo

369 2725 452 2782 initio,
469 2723 630 2786 repuerascit,
646 2728 675 2769 nt
691 2721 726 2768 ait
738 2719 836 2779 Cicero,
853 2720 916 2768 etin

369 2804 439 2852 cunis
456 2805 545 2852 iterum
563 2802 645 2864 ragit:
671 2801 715 2864 qui
735 2800 822 2864 repetit
838 2800 916 2849 vitam

369 2901 386 2932 α
406 2889 474 2933 certo
495 2896 574 2940 anno,
598 2881 686 2943 repetit
708 2897 731 2930 v.
757 2894 777 2929 c.
798 2880 916 2928 ab'anno

369 2963 477 3021 decimo,
502 2961 645 3018 undecimo,
671 2959 828 3018 duedecimo;
846 2958 915 3016 anni,

370 3043 413 3107 qui
440 3048 634 3096 antecesserunt,
662 3039 785 3102 quomodo
810 3052 855 3100 pro
879 3038 917 3085 ni·

369 3122 421 3171 hilo
432 3124 569 3170 ducantur?
591 3117 674 3167 Valde
685 3117 747 3164 milri
759 3116 852 3164 arridet
863 3115 916 3179 pul-

369 3203 493 3250 cherrima
513 3200 653 3248 coniectura
671 3195 718 3243 viri
736 3194 804 3244 cll.
822 3195 916 3244 Bootii:

370 3285 393 3330 A
417 3284 509 3330 teneris
530 3281 604 3329 anno
625 3292 714 3327 cecum
735 3291 847 3325 remeare
861 3291 917 3338 per·

369 3365 461 3410 actum.
483 3360 585 3409 Aevum
604 3362 730 3420 peractum
751 3355 786 3403 ite
796 3368 917 3413 remeans,

370 3439 428 3489 fecit
445 3441 570 3489 hominem
587 3436 684 3486 renasci
700 3436 753 3484 sine
766 3435 917 3498 parentibus.

369 3520 452 3583 Ergo,
478 3520 500 3568 si
522 3526 559 3569 est
581 3524 672 3574 aetate,
698 3523 783 3564 tenera
803 3515 917 3579 quidem,

369 3602 412 3649 sed
434 3608 518 3649 tamen
539 3600 648 3663 aliquam
670 3595 795 3644 indicandi
817 3593 917 3642 faculta-

369 3688 420 3729 tem
445 3681 562 3736 habentc,
584 3678 655 3739 eligit
676 3682 701 3724 et
720 3674 796 3722 sumit
812 3673 859 3720 sibi
874 3688 928 3735 pas

957 2402 1003 2450 bus
1028 2410 1101 2451 natus
1126 2408 1207 2452 sum.“
1240 2403 1322 2453 Acro:
1348 2402 1395 2461 „Si
1416 2408 1511 2450 natura

956 2480 1113 2538 concederet,
1131 2489 1159 2528 ot
1176 2481 1288 2530 homines
1305 2487 1509 2530 renascerentur:

957 2560 1010 2618 vel,
1031 2560 1118 2623 quodsi
1139 2568 1229 2609 natura
1249 2561 1340 2610 faceret
1361 2560 1473 2622 aliquem
1492 2575 1510 2607 a

957 2645 1024 2687 certo
1048 2654 1113 2688 anno
1135 2648 1244 2703 repetere
1266 2639 1344 2687 vitam
1361 2652 1434 2688 snam
1452 2649 1510 2704 post

957 2725 1075 2778 mortem,
1093 2726 1117 2767 et
1134 2719 1203 2768 fieret
1220 2718 1257 2767 illi
1274 2724 1381 2782 potestas
1398 2719 1509 2783 eligendi

957 2813 972 2845 a
990 2798 1046 2846 fatis
1064 2813 1125 2862 quos
1143 2799 1220 2848 vellet
1232 2805 1359 2862 parentes,
1376 2805 1507 2850 contentus

957 2893 1036 2927 essem
1060 2878 1202 2941 parentibus
1227 2878 1331 2926 meis.“'
1351 2880 1508 2930 Permittere

957 2965 981 3006 et
1003 2961 1133 3009 concedere
1153 2958 1255 3022 requirit
1278 2957 1413 3016 sententia,
1436 2959 1506 3007 utin

957 3037 972 3085 l.
990 3038 1006 3086 1.
1024 3037 1151 3088 Ciceronis
1168 3039 1199 3086 de
1217 3037 1312 3087 Senect.
1329 3037 1370 3086 23.
1403 3039 1433 3087 si
1448 3041 1506 3102 quie

959 3119 1030 3166 Deus
1047 3120 1110 3166 inihi
1122 3121 1262 3179 largiatur,
1279 3123 1309 3166 at
1320 3133 1351 3166 ee
1363 3119 1411 3167 hcc
1422 3125 1506 3167 aetate

957 3212 1131 3259 repuerascam
1148 3204 1172 3247 et
1189 3198 1217 3244 in
1232 3198 1303 3245 cunis
1314 3197 1422 3259 capiare
1434 3199 1506 3245 valde

957 3290 1075 3325 recusem.
1114 3275 1178 3325 Cato
1202 3290 1319 3324 recusare
1343 3282 1426 3338 posset
1450 3275 1504 3324 Deo

958 3357 1091 3417 lurqr'enti,
1124 3355 1242 3404 Horatius
1274 3363 1378 3402 naturae
1410 3356 1505 3404 iubenti

958 3449 1008 3483 non
1036 3443 1138 3498 poterat.
1167 3434 1218 3483 Ubi
1245 3441 1328 3482 autem
1353 3435 1438 3483 iubere
1462 3449 1505 3496 pro

957 3516 1087 3562 concedere
1122 3514 1230 3576 positum
1266 3514 1407 3562 invenitur?
1450 3513 1504 3562 Dif-

958 3592 1055 3641 ficultas
1072 3592 1121 3642 loci
1138 3594 1195 3641 inde
1208 3606 1308 3656 quoque
1319 3599 1429 3656 apparet,
1440 3593 1505 3656 quod
1600 3640 1603 3649 ,

958 3672 1007 3720 iam
1032 3673 1093 3721 olim
1115 3675 1150 3721 od
1163 3673 1269 3735 sustene
1290 3686 1340 3720 non
1362 3685 1413 3719 uno
1433 3671 1505 3719 modo

369 3768 464 3818 rentes,
489 3774 550 3823 qnos
572 3756 641 3822 volit.
674 3754 706 3802 In
731 3752 807 3802 MSS.
834 3760 916 3801 autem
957 3760 1132 3814 exposuerunt.
1167 3750 1248 3800 Acro:
1271 3754 1331 3810 „Aa
1340 3752 1457 3815 fastam:
1475 3751 1505 3798 ad

369 3853 441 3901 saepe
452 3853 497 3901 pro
508 3835 664 3886 Tausius
675 3832 791 3882 scribitur
803 3831 916 3881 TERIS.
958 3832 1111 3894 superbiam,
1128 3831 1160 3879 ad
1177 3830 1342 3891 nobilitatem
1360 3845 1407 3889 an,
1419 3831 1450 3879 ad
1462 3830 1505 3879 eli-

402 3916 539 3966 Doderlino
559 3917 624 3964 certi
644 3915 707 3963 anni
727 3912 843 3960 videntur
863 3925 916 3960 esse
957 3911 1031 3973 gendi
1047 3910 1187 3968 fastidium,
1209 3911 1274 3974 quod
1293 3925 1324 3959 ex
1342 3909 1413 3972 copia
1429 3910 1505 3958 nasci·

369 3997 474 4062 oppositi
499 3995 585 4045 mobili
605 3996 737 4050 iuventae,
760 3997 832 4040 oetas
855 3991 916 4038 adeo
957 3995 1031 4040 tur?“
1064 3991 1218 4054 Porphyrio:
1244 3992 1306 4050 „Ad
1318 3990 1439 4052 fastam,
1459 3990 1505 4038 hoc

368 4082 498 4131 constans,
523 4073 691 4132 καθεστηκυῖα
717 4069 815 4132 ἡλικία,
841 4084 914 4133 quam
957 4075 994 4118 est
1014 4071 1046 4118 ad
1068 4070 1193 4119 fastidium
1210 4085 1239 4118 ac
1255 4085 1299 4134 per
1315 4069 1362 4118 hoc
1378 4071 1506 4131 superbe.“

369 4161 476 4205 aetatem
492 4151 612 4202 Horatius
629 4164 695 4198 nunc
712 4149 824 4199 habebat.
956 4147 1051 4207 Aliter,
1072 4164 1149 4212 quam
1171 4149 1248 4206 Acro,
1282 4148 1415 4207 Horatius,
1432 4155 1505 4213 puto,

404 4236 487 4296 Atque
502 4234 567 4281 alios
584 4235 673 4294 tepere,
691 4231 834 4294 adfectum
844 4244 915 4292 quos·
956 4229 1003 4277 hoc
1019 4228 1110 4278 voluit:
1130 4228 1176 4290 „si
1192 4229 1238 4278 hoc
1249 4228 1305 4290 lege
1320 4235 1425 4276 naturae
1443 4237 1506 4278 esset

368 4329 465 4376 cunque
479 4316 598 4374 parentes
626 4311 736 4371 Optaret
749 4310 916 4373 sibiquiaqee.
956 4307 1443 4371 constitutum,uthomines‚postquam
1454 4323 1506 4358 cer-

370 4392 486 4442 Praestat
507 4403 567 4438 sane
588 4388 658 4452 iungi
680 4390 715 4437 ad
723 4389 828 4452 sectum
844 4394 915 4452 opra-
957 4396 1010 4436 tum
1036 4402 1158 4436 annorum
1183 4402 1315 4437 numerum
1337 4387 1504 4451 expleverint,

369 4478 423 4528 ret,
448 4477 478 4518 nt
502 4483 569 4517 nunc
593 4468 692 4532 quidem
717 4470 764 4517 ista
787 4468 914 4530 leguntur.
956 4481 1047 4515 novam
1058 4467 1136 4516 vitam
1147 4474 1293 4531 repeterent,
1305 4475 1330 4516 et
1340 4467 1387 4515 sibi
1395 4469 1500 4533 quisque

371 4549 420 4599 Sed
441 4549 481 4597 hic
500 4563 566 4597 nova
582 4548 717 4597 difficultas
733 4548 853 4597 obiicitur.
887 4548 916 4598 si
956 4553 1070 4609 parentes
1078 4546 1163 4608 legere
1173 4554 1267 4611 posset,
1282 4561 1345 4610 qnos
1357 4546 1445 4607 vellet,
1457 4563 1505 4612 ego

370 4636 460 4678 natura
476 4629 572 4678 iuberet
588 4629 698 4678 homines
715 4629 818 4688 renasci,
830 4635 855 4677 et
869 4627 916 4676 sibi
957 4641 1005 4674 non
1023 4627 1099 4674 alium
1118 4627 1241 4690 legerem,
1258 4641 1333 4691 quem
1351 4641 1416 4685 eum,
1428 4643 1502 4690 quem

370 4709 429 4757 alios
445 4716 559 4773 parentes
576 4710 672 4772 legere,
693 4710 816 4773 quomodo
834 4710 914 4758 Hora·
957 4707 982 4754 iu
999 4721 1060 4754 aevo
1071 4714 1170 4770 peracto
1182 4707 1281 4755 habui.“
1298 4706 1368 4756 Haec
1381 4707 1504 4756 sententia
