3750 5759
895 722 934 731 --
1441 707 1479 749 111

348 869 409 929 alte
430 869 463 927 in
485 869 601 927 animos
616 867 823 941 descenderet,
845 885 881 926 ea
897 867 1048 944 plerisque
1072 886 1139 927 cum
1160 875 1259 928 aetate
1281 868 1398 946 pariter
1419 888 1482 930 cre·

349 974 407 1044 vit,
435 974 599 1048 usquein
627 991 744 1032 summa
775 982 931 1031 senectute
968 974 1017 1031 vel
1048 974 1202 1032 minimum
1229 975 1349 1051 pristini
1381 976 1480 1037 cultus

348 1081 479 1153 remisit,
501 1081 556 1138 sed
578 1079 751 1154 quesitum
772 1079 901 1154 primum
919 1089 1038 1152 exorte,
1061 1080 1179 1156 integra
1200 1090 1231 1139 et
1254 1101 1333 1140 nova
1353 1083 1459 1158 viguit.

389 1187 492 1261 Atque
517 1187 606 1243 huius
637 1186 682 1243 illi
708 1185 842 1257 virtutis,
869 1188 1183 1262 praeterquamquod
1214 1189 1282 1265 ipsa
1310 1189 1369 1247 sibi
1400 1199 1481 1249 esset

348 1310 476 1363 merces,
502 1292 559 1349 hoc
581 1290 644 1349 fere
670 1292 805 1367 praemio
827 1292 948 1367 publice
975 1293 1209 1366 decorabantur,
1239 1303 1274 1353 ut
1295 1296 1406 1353 scholis
1431 1298 1480 1354 vel

352 1397 524 1455 Academiis
546 1393 709 1454 Curatores
734 1397 978 1472 praeficerentur.
1022 1396 1123 1471 Quare
1156 1401 1242 1474 pauci
1273 1399 1419 1458 amantius
1445 1417 1479 1458 ac

350 1502 449 1559 verius
474 1503 511 1561 de
539 1504 577 1560 iis
602 1503 737 1562 iudicare
764 1511 920 1578 poterent,
951 1521 1041 1576 quam
1066 1505 1118 1578 qui
1146 1506 1333 1564 iuventutem
1358 1506 1397 1563 ad
1424 1507 1480 1564 lin·

350 1627 476 1684 guarum
494 1609 756 1682 doctrinarumque
776 1609 931 1666 scientiam
952 1610 1164 1668 informabant.

391 1713 456 1788 Ego
483 1714 544 1771 iam
570 1722 640 1771 ante
666 1733 761 1772 annos
789 1713 851 1770 fere
872 1715 1032 1788 sexaginta
1053 1715 1130 1772 tales
1151 1724 1212 1773 tres
1233 1709 1359 1790 cogno'vi
1380 1715 1476 1788 viros,

351 1837 426 1892 quos
446 1819 519 1877 mihi
540 1819 700 1894 contigisse
722 1828 753 1876 et
772 1817 916 1877 mansisse
937 1820 1049 1877 amieos
1069 1838 1189 1895 semper
1208 1821 1240 1878 in
1261 1840 1370 1897 magna
1386 1821 1479 1880 felici·

351 1924 421 1981 tatis
442 1933 528 2000 parte
550 1925 651 2000 posui,
678 1942 748 1996 uec,
778 1925 878 1998 quoad
903 1925 1017 1997 vivam,
1046 1944 1157 2002 ponere
1179 1927 1323 1986 desinam.
1366 1927 1422 2000 Hi,
1445 1936 1479 1985 ut

351 2038 437 2088 erant
457 2049 504 2087 me
526 2039 600 2088 natu
621 2029 761 2102 maiores,
783 2030 826 2087 sic
846 2039 916 2087 aute
937 2049 984 2088 me
1005 2031 1075 2088 hino
1096 2031 1245 2091 abierunt.

390 2135 512 2193 Primus
543 2136 618 2192 abiit
648 2136 742 2192 Arius
772 2135 915 2206 Adriani,
951 2134 1097 2192 librorum
1128 2153 1281 2194 sacrorum
1312 2137 1477 2213 interpres,

350 2248 449 2302 sectae
475 2240 683 2311 Reformatae,
712 2240 795 2316 apud
819 2239 1043 2298 Doccumenses
1069 2241 1101 2297 iu
1126 2241 1234 2299 Frisia.
1282 2241 1478 2318 Theologiam

349 2346 506 2403 literarum
530 2355 701 2403 nostrarum
726 2346 875 2403 suavitate
902 2356 933 2402 et
959 2346 1109 2420 elegantia
1130 2347 1305 2419 condiebat,
1326 2349 1419 2423 inque
1440 2349 1478 2406 iis

350 2459 467 2507 tantum
494 2450 677 2525 profecerat,
710 2459 744 2508 ut
775 2470 835 2507 non
867 2451 977 2508 multos
1003 2450 1050 2508 sui
1075 2451 1189 2509 ordinis
1218 2452 1346 2510 haberet
1373 2472 1477 2529 pares,

350 2557 449 2613 studio
471 2564 551 2612 certe
573 2565 603 2612 et
622 2555 771 2614 industria
792 2556 977 2632 superiorem
991 2556 1152 2614 nemiuem.
1179 2557 1345 2615 Historiam
1360 2577 1477 2630 rerum,

351 2664 513 2738 praecipue
539 2663 793 2735 Neerlandarum,
826 2664 972 2734 callebat,
1004 2665 1090 2738 quasi
1118 2676 1266 2741 perpetua
1293 2666 1357 2723 vita
1384 2666 1416 2723 in
1441 2665 1479 2724 iis

351 2769 528 2826 habitasset.
569 2768 670 2827 Huius
691 2787 746 2843 ego
767 2769 825 2827 viri
846 2770 877 2827 in
898 2769 1059 2827 severitate
1074 2771 1180 2842 comis,
1202 2771 1351 2846 gravitate
1365 2771 1477 2842 facilis,

351 2886 472 2951 pectore
495 2863 624 2934 candido
645 2884 674 2933 et
695 2883 814 2952 aperto,
836 2894 990 2949 nunquam
1011 2874 1075 2931 sine
1096 2871 1266 2950 gratissimo
1281 2875 1373 2931 animi
1387 2894 1477 2934 sensu

350 2985 506 3053 recordor,
537 2984 607 3041 vivo
633 2983 819 3041 voluntatem
843 2983 875 3040 in
898 2981 1044 3041 Oratione
1066 2982 1102 3039 de
1121 2981 1323 3057 Xenophonte
1345 2982 1478 3058 Ephesio

350 3109 380 3148 a.
401 3104 544 3148 uncccvr
566 3089 647 3146 edita
668 3088 846 3164 significavi.
887 3087 1001 3146 Merita
1021 3088 1072 3145 ille
1094 3087 1174 3146 fama
1195 3087 1328 3145 carebat.

391 3193 439 3253 Ea
460 3213 519 3252 non
542 3194 637 3252 caruit
659 3193 810 3251 Henricus
832 3191 968 3252 Collotus
989 3192 1170 3263 Descurius,
1193 3192 1287 3267 magis
1309 3192 1341 3249 in
1362 3192 1429 3251 luce
1447 3203 1476 3252 et

351 3301 447 3358 oeulis
461 3301 614 3359 hominum
629 3301 742 3376 positus
757 3308 788 3356 et
801 3301 894 3375 gestis
907 3299 1071 3356 honoribus
1086 3308 1248 3375 spectatus.
1268 3296 1359 3357 Hunc
1373 3302 1478 3373 quanti

349 3405 486 3478 fecerim,
508 3406 663 3463 declarare
686 3424 744 3462 uon
767 3423 832 3462 sum
853 3404 981 3474 veritus,
1004 3421 1072 3460 cum
1093 3403 1122 3461 ei
1142 3400 1284 3462 Carmina
1307 3404 1429 3462 Horatii
1449 3425 1477 3464 a

349 3502 564 3570 unccoxxxm
584 3511 712 3586 primum
733 3509 896 3580 recensita,
920 3509 1107 3566 dedicabam.
1148 3508 1250 3565 Nimio
1272 3509 1340 3584 plus
1362 3529 1393 3568 se
1414 3513 1479 3570 lau·

351 3618 455 3676 datum
477 3618 674 3691 querebatur,
703 3624 733 3672 et
754 3615 903 3673 nemiuem
924 3615 1044 3685 melius,
1073 3633 1162 3688 quam
1186 3615 1250 3690 ipse
1273 3616 1412 3688 sentiret,
1435 3618 1479 3674 in·

349 3724 484 3799 belligere
507 3723 641 3793 dicebat,
668 3722 729 3779 tale
756 3740 789 3778 se
811 3721 1005 3797 praeconium
1026 3740 1086 3778 non
1107 3720 1261 3778 meruisse.
1304 3721 1407 3779 Meum
1428 3741 1475 3780 me

349 3831 382 3888 in
408 3848 445 3886 ea
473 3819 580 3887 caussa
605 3827 749 3885 iudicium
778 3826 890 3884 iudicio
914 3826 1009 3901 ipsius
1036 3826 1215 3902 praetulisse
1236 3846 1297 3885 nou
1318 3828 1477 3903 poenituit.

350 3935 493 3993 Auirnum
510 3935 588 3992 enim
606 3932 732 4008 gerebat
746 3932 884 3990 omnibus
898 3932 1096 4004 ornamentis,
1119 3933 1229 4006 quibus
1244 3951 1349 4008 regum
1364 3941 1479 3991 nostro·

349 4059 417 4100 rum
447 4049 478 4099 et
508 4040 613 4117 populi
649 4047 680 4096 et
716 4038 900 4097 Academiae
932 4038 1089 4096 Leidensis
1122 4038 1209 4097 favor
1240 4041 1477 4112 honoraverant,

350 4146 560 4220 pulchriorem.

391 4251 431 4309 Et
440 4251 534 4308 Arius
548 4250 677 4308 Adriani
690 4258 719 4307 et
730 4249 896 4309 Descurius
907 4268 1052 4326 prospera
1064 4250 1247 4322 valetudine,
1259 4252 1384 4328 integris
1395 4272 1477 4310 men·

350 4358 390 4416 tis
408 4357 604 4415 facultatibus
625 4356 664 4413 ad
685 4375 822 4431 magnam
844 4366 1030 4414 senectutem
1051 4365 1271 4432 pervenerunt,
1297 4376 1352 4415 nec
1374 4358 1411 4416 de
1432 4359 1477 4415 in·

351 4463 467 4523 dustria
503 4463 668 4536 quidquam
703 4462 893 4519 remiserunt.
946 4461 1003 4519 Ille
1041 4479 1136 4518 annos
1173 4460 1288 4519 habens
1324 4482 1416 4521 uuum
1447 4472 1478 4525 et

350 4569 544 4644 septuaginta
571 4569 682 4627 librum
709 4567 806 4625 edidit
826 4568 926 4643 patria
948 4567 1051 4642 lingua
1078 4568 1117 4626 ad
1139 4568 1333 4627 illustrandos
1355 4569 1477 4631 Veteris

350 4673 491 4749 Novique
514 4675 701 4736 Testamenti
721 4674 804 4734 locos
825 4674 1035 4750 compositum:
1057 4673 1137 4732 huuc
1158 4675 1189 4732 in
1210 4693 1301 4750 opere
1323 4675 1360 4733 de
1381 4677 1476 4735 laudi·
