3750 5759
423 684 485 745 112
813 681 1166 747 SATIRARUM

465 870 576 954 Atque
599 890 619 933 a
642 866 792 933 Fabricio
816 889 882 933 non
907 868 1036 933 tristem
1063 873 1163 953 ponte
1187 867 1313 932 reverti.
1481 901 1491 929 i

465 973 570 1055 Nam,
596 972 685 1038 male
708 994 743 1037 re
766 977 876 1057 gesta,
901 993 1003 1057 quum
1023 972 1143 1037 vellem
1162 971 1294 1036 mittere
1313 976 1425 1056 operto

464 1075 518 1140 Me
542 1074 648 1159 capite
669 1073 704 1137 in
725 1073 865 1158 flumen,
894 1074 1008 1139 dexter
1027 1074 1121 1139 stetit
1143 1079 1193 1139 et:
1240 1073 1352 1157 „Cave
1374 1072 1460 1137 faxis

464 1179 507 1243 Te
523 1177 702 1263 quidquam
719 1177 915 1263 indignum!
943 1178 1088 1261 Pudor,“
1104 1177 1224 1262 inquit,
1243 1182 1300 1260 „te
1318 1177 1427 1242 malus
1443 1174 1558 1260 angit,

464 1282 602 1347 Insanos
630 1280 686 1366 qui
708 1280 793 1346 inter
813 1303 942 1346 vereare
965 1281 1100 1346 insanus
1124 1280 1245 1345 haberi.

465 1383 614 1448 Primum
638 1406 717 1448 nam
739 1383 923 1469 inquiram,
950 1384 1030 1469 quid
1051 1383 1096 1449 sit
1115 1383 1230 1448 furere:
1254 1383 1316 1448 hoc
1337 1383 1366 1448 si
1387 1381 1449 1447 erit
1468 1381 1502 1444 in
1527 1386 1561 1443 te

467 1488 561 1571 Solo,
586 1488 635 1552 nil
657 1488 762 1570 verbi,
785 1509 897 1573 pereas
915 1487 994 1573 quin
1015 1486 1159 1570 fortiter,
1181 1487 1310 1551 addam.

465 1591 569 1671 Quem
590 1591 679 1656 mala
703 1591 847 1656 stultitia
868 1596 901 1656 et
923 1613 1150 1677 quemcunque
1171 1590 1304 1655 inscitia
1323 1589 1391 1655 veri

466 1695 608 1761 Caecum
630 1696 718 1781 agit,
740 1695 895 1760 insanum
917 1694 1093 1780 Chrysippi
1112 1694 1256 1780 porticus
1282 1699 1315 1758 ct
1335 1714 1416 1779 grex

464 1801 635 1864 Autnmat.
684 1800 774 1864 Haec
793 1800 951 1885 populos,
976 1800 1055 1864 haec
1079 1820 1219 1884 magnos
1242 1797 1385 1863 formula
1408 1816 1522 1881 reges,

464 1904 611 1989 Excepto
634 1903 799 1988 sapiente,
818 1908 917 1968 tenet.
966 1904 1063 1968 Nunc
1084 1904 1213 1988 accipe,
1237 1924 1337 1987 quare

464 2005 640 2091 Desipiant
663 2027 777 2070 omnes
803 2027 904 2090 aeque
929 2028 966 2071 ac
990 2011 1047 2089 tu,
1071 2006 1128 2090 qni
1147 2004 1210 2070 tibi
1231 2025 1351 2069 nomen

464 2110 585 2174 Insauo
607 2132 752 2195 posuere.
800 2101 902 2175 Velut
925 2110 1037 2193 silvis,
1060 2109 1118 2175 ubi
1142 2108 1267 2194 passim

464 2212 619 2277 Palantes
643 2234 729 2278 error
752 2218 839 2279 certo
862 2214 902 2279 de
919 2214 1052 2279 tramite
1074 2213 1187 2299 pellit,

463 2315 525 2380 Ille
553 2316 796 2400 sinistrorsum,
821 2317 875 2382 hic
897 2318 1104 2383 dextrorsum
1128 2317 1217 2400 abit,
1246 2338 1333 2382 unus
1357 2313 1489 2399 utrique

464 2420 579 2503 Error,
604 2420 662 2485 sed
683 2421 782 2486 variis
804 2422 918 2487 illudit
937 2422 1103 2507 partibus3
1124 2422 1186 2487 hoc
1210 2426 1242 2486 te

466 2523 568 2590 Crede
593 2525 690 2590 modo
714 2526 885 2610 insanum,
909 2527 1014 2592 nihilo
1039 2532 1078 2591 ut
1102 2526 1282 2612 sapientior
1304 2525 1377 2607 ille,

465 2628 529 2708 Qui
552 2634 585 2694 te
611 2629 751 2713 deridet,
774 2631 910 2696 caudam
929 2631 1047 2696 trahat.
1097 2631 1160 2696 Est
1182 2652 1287 2716 genus
1311 2648 1416 2693 unum

465 2731 635 2799 Stultitiae
653 2732 796 2797 nihilum
819 2734 997 2798 metuenda
1014 2733 1180 2816 timentis,
1205 2738 1244 2797 ut
1269 2732 1409 2817 ignes„
1459 2810 1462 2815 ,

405 2876 408 2885 ι
464 2830 512 2897 Ut
534 2854 630 2921 rupes
654 2836 836 2922 fluviosque
855 2837 890 2901 in
910 2860 1026 2923 campo
1050 2838 1179 2903 obstare
1203 2840 1373 2922 queratur3

462 2936 616 3005 Alterum
640 2946 672 3005 et
696 2941 773 3006 huic
795 2963 910 3007 varum
930 2947 963 3006 et
982 2942 1087 3006 nihilo
1112 2940 1312 3027 sapientius,
1336 2939 1429 3024 ignes

465 3040 528 3106 Per
543 3044 669 3108 medios
692 3044 874 3130 fluviosque
895 3046 1037 3111 ruentis:
1060 3046 1181 3112 clamet
1205 3044 1312 3110 amica

465 3143 588 3230 Mater,
610 3147 749 3213 honesta
772 3170 861 3213 soror
883 3171 958 3215 cum
983 3149 1151 3235 cognatis,
1176 3154 1287 3234 pater,
1310 3168 1410 3212 uxor:

419 3337 611 3391 commentator.
627 3344 686 3393 Non
695 3353 796 3409 apparet
804 3345 964 3395 iunxerintne
1005 3349 1121 3400 orationis
1138 3353 1332 3404 conformatione
1346 3363 1371 3405 et
1386 3356 1466 3405 omitti
1482 3357 1556 3406 solet.

418 3420 521 3469 barbam
537 3423 680 3484 sapientem,
697 3439 730 3472 an
746 3425 871 3474 voluerint
887 3427 965 3475 iussit
1005 3428 1141 3492 Propterea
1165 3433 1307 3483 Meinekius
1327 3436 1484 3485 scribendum
1508 3452 1555 3500 pu·

418 3514 455 3547 me
472 3502 622 3563 sapientem,
644 3503 756 3553 futurum
777 3505 963 3569 philosophum,
1004 3515 1051 3557 tat:
1079 3512 1159 3569 Quem
1175 3517 1243 3562 maia
1264 3519 1402 3577 stultitiae,
1422 3532 1555 3579 quemcun-

418 3585 446 3626 ut
454 3578 616 3643 Doeriugius‚
624 3597 724 3645 pascere
741 3584 849 3634 barbam.
883 3586 963 3633 Hora·
1003 3603 1051 3650 que
1067 3591 1172 3641 inscitia
1188 3595 1241 3643 ceri
1267 3594 1371 3645 Caecum
1388 3598 1450 3659 cpit.
1474 3595 1555 3653 Vere,

417 3656 475 3714 tius,
492 3666 565 3721 puto,
583 3661 664 3724 lepide
679 3663 758 3725 ipsam
773 3664 874 3712 barbam
892 3679 963 3712 voca·
1003 3674 1072 3730 puto.

418 3737 621 3798 vitalitatem,
645 3742 715 3803 quasi
732 3742 907 3791 documentum
925 3758 963 3790 sa·
1039 3746 1137 3797 Clamet
1163 3752 1246 3799 amica
1274 3752 1372 3801 Mater·¹
1414 3753 1553 3803 Horkelius

418 3817 514 3879 pientis,
532 3824 606 3881 atque
628 3833 657 3867 ea
674 3820 764 3870 faceret
780 3822 962 3886 philosophum.
1003 3825 1102 3874 coniicit
1111 3830 1204 3889 anicla,
1217 3837 1245 3878 nt
1253 3831 1373 3880 Prudent.
1391 3832 1481 3881 Perist.
1495 3834 1552 3889 148,

418 3894 446 3944 Si
462 3895 593 3957 potuisset,
615 3896 716 3948 fortasse
740 3901 843 3950 dixisset
862 3916 964 3974 pascere
1006 3902 1162 3956 Circanutat
1187 3911 1277 3958 chorae
1301 3926 1333 3959 ex
1350 3917 1552 3975 atrewasiam,

417 3976 520 4023 barbam
536 3977 720 4040 philosopham,
738 3979 835 4043 qualem
857 3980 962 4044 philoso-
1005 3986 1103 4042 Herae,
1129 3988 1211 4050 virpo,
1232 4005 1310 4051 puer,
1336 4005 1428 4050 cenea,
1453 3992 1551 4040 anicla.

416 4055 460 4117 phi
476 4055 630 4117 promittunt.
1003 4062 1087 4123 Quum
1113 4066 1211 4115 vetulae
1236 4066 1310 4116 matri
1336 4076 1436 4132 propter
1468 4069 1550 4133 ipsam

449 4134 600 4184 Doderlinus
623 4137 719 4186 dubitat
744 4154 777 4187 an
793 4142 894 4202 capiens
915 4140 962 4190 hoc
1001 4144 1116 4193 canitiem
1132 4148 1213 4209 magis
1230 4148 1305 4196 etiam
1318 4149 1421 4212 obsequi
1436 4156 1550 4213 oporteat
1610 4149 1612 4151 ’

416 4212 556 4275 significare
573 4216 655 4277 possit.
689 4218 801 4279 Vellem,
818 4220 960 4283 exemplum
1001 4239 1077 4287 quam
1102 4226 1214 4286 florenti,
1244 4237 1318 4293 atque
1343 4231 1422 4279 sorori
1448 4246 1548 4295 quoque

416 4301 553 4342 monstrare
577 4309 681 4358 possem.
725 4299 831 4361 Ingenio
861 4300 960 4362 quidem
1000 4306 1111 4354 additum
1136 4308 1168 4356 sit
1188 4308 1314 4372 epitheton
1331 4311 1362 4359 ab
1379 4317 1459 4360 aetate
1479 4326 1548 4361 snm·

406 4373 547 4430 sermonis,
564 4376 708 4436 praesertim
720 4376 825 4435 Satirici,
835 4379 897 4427 mihi
908 4396 960 4429 non
1000 4391 1061 4443 turn,
1080 4389 1178 4447 artrica,
1190 4396 1264 4451 puto,
1280 4389 1316 4437 sic
1332 4394 1411 4440 matri
1426 4392 1547 4451 additum,

414 4465 553 4515 repugnare
568 4454 674 4504 videtur.
999 4466 1083 4514 omnia
1093 4468 1270 4531 complectitur,
1279 4484 1343 4532 quae
1354 4470 1434 4519 filium
1445 4485 1559 4519 movere-

451 4532 529 4589 Quem
546 4535 616 4581 mala
631 4537 745 4584 etaltitia
757 4543 781 4586 et
792 4554 960 4603 quotacunque
999 4544 1109 4594 debeant.
1127 4545 1324 4597 Commentator:
1343 4552 1449 4610 „clami
1465 4553 1549 4601 aalma

415 4611 519 4659 inscitia
535 4615 597 4662 reri.
625 4614 739 4678 Inquem
752 4631 783 4665 ex
799 4618 958 4683 alteraparte
999 4629 1088 4672 mater.
1131 4626 1201 4675 Haec
1232 4628 1365 4690 composite
1399 4629 1548 4691 proferenda

414 4691 588 4740 assumendum
614 4710 716 4757 cunque.
751 4698 781 4745 ln
807 4698 849 4746 tali
874 4708 957 4749 autem
999 4712 1072 4765 sunt;
1091 4705 1207 4755 ridentur
1224 4715 1307 4756 autem
1324 4718 1406 4757 sumta
1423 4710 1547 4767 aGracQ
