3750 5759
432 680 450 736 't
830 659 1177 727 SATIRARUM

482 858 533 940 „0
557 853 717 920 fortunati
740 848 974 915 me1·eateres1“
999 847 1108 932 gravis
1133 846 1229 910 aunis

481 961 577 1024 Miles
602 958 664 1040 ait,
689 955 795 1021 multo
817 953 885 1016 iem
908 951 1031 1016 fruetus
1055 950 1202 1016 membra
1225 949 1343 1014 labore.

435 1125 463 1164 nt
474 1115 515 1162 elii
527 1113 645 1169 scribunt,
653 1109 729 1172 oeeipi
739 1115 835 1171 poterat
847 1120 907 1153 casu
917 1105 984 1167 geni-

436 1196 499 1243 tivo:
519 1194 601 1243 Nemo
617 1190 681 1237 vivit
697 1194 825 1236 contentus
842 1199 888 1232 sua
907 1191 984 1232 sorte:

435 1275 516 1338 quivis
533 1273 620 1321 laudat
636 1277 725 1318 sortem
738 1267 820 1325 illius,
833 1265 875 1329 qui
887 1265 986 1312 diversa

434 1353 524 1411 studia,
533 1351 601 1400 aliud
613 1349 678 1397 vitae
687 1361 765 1410 genus
774 1343 892 1408 sequitur.
909 1343 985 1392 Recte

436 1447 472 1480 vs.
489 1431 543 1480 loe.
571 1432 682 1479 Nemone
697 1434 727 1475 ut
743 1438 838 1474 neurus
849 1423 984 1484 monetet,

435 1529 465 1561 ue
475 1514 561 1574 potius
572 1512 657 1558 laudet
667 1509 767 1557 diemo
775 1507 915 1566 sequentes:
928 1515 984 1550 eon·

436 1592 539 1640 veniunt
554 1592 641 1654 probet
657 1603 696 1645 se,
714 1586 800 1634 daudet
815 1586 951 1645 sequentes.

470 1672 565 1719 Gravis
582 1669 665 1717 annis.
706 1662 816 1719 Milites,
832 1676 920 1723 qruees
939 1676 983 1708 on·

436 1753 490 1807 uis,
508 1748 586 1812 vulgo
605 1760 656 1794 non
669 1743 776 1806 amplius
789 1740 835 1789 sub
849 1740 928 1803 siguis
942 1739 985 1787 hs-

436 1830 533 1888 bentur,
549 1828 633 1876 minus
647 1825 729 1881 etiam,
747 1823 767 1869 si
781 1819 892 1869 membra
905 1818 985 1866 multo

435 1909 520 1958 labore
545 1907 623 1955 fracta
647 1903 745 1952 habent.
779 1901 873 1962 Optant
889 1898 984 1947 missio-

1027 1104 1096 1152 aliud
1113 1104 1178 1151 vitae
1195 1117 1273 1166 genus
1291 1103 1384 1151 beatius
1400 1109 1482 1165 putat,
1497 1116 1576 1166 quum

1027 1198 1100 1231 suum
1117 1191 1213 1231 mutare
1229 1183 1309 1245 eupit,
1333 1183 1403 1230 euius
1418 1182 1577 1230 incommoda

1027 1262 1053 1310 in
1073 1263 1128 1325 ipsa
1144 1262 1238 1310 notione
1255 1261 1389 1325 experitur.
1425 1261 1466 1310 sic
1482 1274 1577 1310 merea-

1027 1350 1066 1390 tor
1082 1342 1137 1390 fieri
1154 1349 1222 1405 optat
1238 1342 1322 1399 miles,
1335 1356 1412 1405 quum
1430 1355 1534 1403 prensus
1549 1341 1577 1388 in

1027 1423 1115 1485 Aegeo
1131 1430 1274 1485 tempestate
1291 1423 1406 1480 iactatur,
1427 1421 1499 1470 miles
1520 1421 1578 1470 fieri

1027 1509 1095 1566 optat
1111 1508 1245 1560 mereator,
1261 1517 1338 1564 quum
1355 1516 1425 1549 arma
1442 1501 1501 1558 fert,
1517 1515 1577 1549 eum

1026 1581 1189 1643 pugnandum
1205 1587 1249 1637 est,
1262 1588 1293 1639 et,
1307 1581 1357 1628 iam
1375 1579 1466 1628 fractus
1482 1579 1577 1638 labore,

1026 1661 1090 1708 dura
1106 1659 1167 1708 belli
1183 1674 1233 1708 non
1250 1660 1378 1708 toleranda
1395 1659 1468 1717 dicit,
1486 1659 1577 1708 vitum·

1026 1755 1074 1803 que
1090 1741 1232 1788 mereatoris
1252 1738 1327 1803 longe
1344 1739 1479 1787 faciliorem
1496 1745 1578 1802 putat.

1059 1819 1188 1868 Bentleius
1212 1823 1297 1881 qroois
1318 1822 1393 1867 anesis
1417 1833 1467 1866 non
1489 1818 1578 1867 habuit

1026 1905 1181 1960 suspectum3
1199 1899 1250 1947 imo
1266 1899 1355 1954 utitur,
1376 1898 1407 1945 ad
1428 1897 1577 1946 confirman-

436 2001 507 2046 nem,
527 1993 552 2035 et
567 1986 713 2049 plerumque
730 1979 859 2042 accipiunt.
886 1977 918 2024 In
935 1976 984 2024 Ta·
1026 1978 1083 2026 dam
1100 1978 1266 2026 coniecturam
1280 1978 1577 2029 inTerent.Heaut.lV.

436 2066 476 2114 eit.
497 2064 593 2113 Annal.
619 2063 641 2110 I.
667 2061 698 2111 17
715 2059 889 2120 indignantur,
919 2057 986 2118 quod
1026 2071 1043 2105 1.
1061 2059 1101 2107 32.
1139 2058 1241 2117 Quanto
1264 2064 1293 2106 tu
1316 2074 1353 2106 me
1374 2073 1401 2106 es
1420 2059 1495 2107 nonis
1518 2075 1578 2121 qra-

437 2147 535 2193 trieeouo
557 2148 605 2190 out
624 2141 787 2203 quodroqene
803 2137 932 2199 stipendio
948 2150 985 2184 se·
1026 2139 1094 2198 oo'or,
1112 2143 1183 2186 tnnto
1200 2151 1226 2186 es
1236 2138 1406 2200 iquoseentior.
1423 2136 1475 2186 Ubi
1483 2136 1579 2200 legitur

436 2236 480 2270 nes
496 2227 520 2271 et
533 2221 649 2284 plerique
664 2223 785 2267 trunceto
798 2232 830 2265 ee
841 2215 986 2264 vulneribus
1027 2215 1116 2280 vulgo:
1144 2219 1247 2277 Quanto
1266 2222 1326 2265 tuus
1343 2222 1381 2265 est
1397 2218 1499 2266 onintus
1511 2224 1577 2266 notu

436 2315 538 2363 corpore
556 2299 670 2346 tolerent.
695 2295 824 2344 Plutarch.
834 2293 934 2343 Caesar.
944 2293 985 2342 40.
1023 2299 1316 2361 qrootor,e'quoseentior.
1336 2297 1393 2359 Ego
1410 2297 1437 2344 in
1451 2297 1576 2348 Mnemos.

436 2378 574 2442 ἐξέκαμνον
592 2374 643 2424 ὑπὸ
661 2373 745 2438 γήρως
762 2374 804 2422 καὶ
814 2373 905 2436 βαρεῖς
919 2373 986 2431 ἦσαν
1026 2376 1098 2425 Leid.
1117 2391 1195 2440 nuper
1212 2376 1316 2424 eonieei:
1340 2377 1443 2435 Quanto
1461 2383 1520 2427 tuus
1537 2386 1578 2428 est
1644 2435 1649 2442 ,

436 2462 490 2515 τοῖς
508 2455 605 2519 σώμασι
623 2454 690 2517 πρὸς
707 2451 881 2508 τοὺςπόνθυς·
909 2447 985 2498 Tales
1026 2458 1127 2506 aninmo
1148 2457 1263 2519 qroeo'or,
1286 2461 1340 2504 tntu
1363 2462 1392 2504 tu
1413 2471 1438 2505 es
1454 2458 1577 2519 iquoseen-

436 2552 495 2585 sane
516 2549 567 2583 nou
588 2533 639 2596 apti
661 2529 937 2592 811111111111110011111»
955 2543 986 2577 ne
1027 2536 1084 2584 tior.
1117 2536 1234 2585 Fortasse
1243 2543 1326 2583 tamen
1335 2534 1404 2583 aliud
1413 2535 1485 2596 latet;
1502 2551 1577 2597 nam,

436 2615 525 2665 levi0ri
542 2613 654 2677 quidem,
671 2626 746 2674 (11111111
763 2610 880 2665 1111111116,
898 2616 926 2656 111
942 2607 986 2656 ille
1027 2615 1092 2678 quod
1117 2621 1189 2677 rogat
1215 2613 1343 2662 Bentleius
1371 2616 1487 2672 „onioeus
1511 2623 1577 2664 notu

437 2693 589 2758 apudVell.
606 2692 704 2740 Patere.
723 2691 758 2738 11.
776 2690 816 2740 76.
834 2690 918 2751 quovis
933 2689 986 2736 iam
1026 2694 1140 2756 qrooe'or,
1165 2692 1221 2756 quis
1244 2708 1354 2756 unquam
1375 2694 1519 2744 mortalium
1541 2696 1578 2745 sie

437 2780 521 2825 aetate
535 2779 561 2822 et
577 2787 691 2835 corpore,
705 2786 761 2820 eum
778 2783 855 2819 eomes
872 2783 985 2817 essenon
1027 2771 1096 2835 ioqui
1121 2770 1231 2820 vellete‘
1259 2774 1401 2836 responderi
1425 2780 1520 2838 poterat
1544 2791 1577 2825 ex

435 2859 522 2917 posset.
545 2851 612 2913 Quid
628 2857 711 2898 autem
728 2851 780 2898 tam
791 2848 899 2911 fruetus
913 2862 985 2895 osseos·
1028 2852 1114 2900 Plauti
1131 2852 1220 2901 Baoeh.
1237 2853 1289 2902 III.
1306 2868 1344 2902 111.
1362 2854 1402 2902 55.
1437 2856 1579 2919 Obsequens

438 2936 500 2982 tra?
533 2934 710 2994 Exspectasses
728 2931 781 2977 iam
796 2928 877 2991 potius
890 2927 986 2974 inado—
1028 2933 1189 2993 obediensque
1214 2937 1252 2980 est
1278 2935 1344 2981 mort
1366 2939 1442 2996 atque
1463 2936 1578 2997 imperiis

437 3014 545 3062 lescente
561 3020 586 3060 et
601 3011 669 3068 viro,
694 3011 737 3074 qui
760 3016 817 3057 ante
835 3016 933 3070 tempus
951 3012 988 3055 est
1027 3011 1121 3073 potres.
1156 3011 1210 3060 He
1238 3013 1333 3059 sedatis
1359 3013 1501 3062 Pistoclero
1525 3015 1578 3063 tono

439 3091 543 3149 fruetus,
568 3103 618 3137 non
644 3089 671 3136 in
695 3087 796 3136 homine
816 3089 889 3147 qroee‘
905 3087 987 3133 annis.
1027 3104 1092 3151 puer
1101 3105 1177 3150 puero
1180 3088 1246 3150 suit.
1270 3092 1396 3140 Triduum
1409 3107 1459 3141 non
1472 3095 1578 3144 intereat

438 3171 572 3219 Praeterea
580 3169 700 3218 Horatius
716 3166 988 3230 exemplaponitaets·
1030 3168 1124 3215 aetatis
1140 3173 1197 3217 uter
1214 3171 1294 3218 neoior
1310 3172 1370 3218 stet:
1403 3172 1496 3220 Verum
1512 3175 1578 3236 inqe·

438 3249 484 3306 tis,
501 3263 565 3313 quae
576 3262 626 3296 non
638 3247 748 3311 impedit,
758 3246 900 3309 quominus,
908 3245 989 3306 priore
1030 3247 1101 3293 ntum
1123 3248 1183 3308 plus
1209 3250 1318 3310 trtqtnto
1342 3250 1416 3297 otonis
1438 3251 1520 3299 neuim
1540 3258 1578 3302 est

439 3328 505 3376 vitae
531 3341 620 3390 genere
646 3326 743 3383 relicto,
769 3325 838 3372 aliud
863 3324 988 3386 incipiant.
1029 3340 1104 3385 quom
1122 3327 1205 3375 elteri.
1233 3328 1317 3391 Magis
1326 3329 1417 3376 usitata
1426 3337 1485 3378 sunt
1496 3338 1577 3381 tuente

440 3407 532 3456 Gravis
545 3407 625 3465 aunis,
643 3420 727 3462 seuere,
744 3419 794 3452 non
808 3411 894 3468 potest.
912 3404 989 3467 Optat
1029 3418 1115 3460 serien,
1143 3407 1250 3466 iuuenis,
1290 3406 1383 3471 φρένας
1419 3409 1516 3469 νεάζει,
1553 3420 1576 3460 et

422 3487 563 3550 ¹quietem,
593 3500 643 3534 non
667 3491 844 3542 mercaturam,
872 3498 928 3531 eum
954 3491 989 3532 tot
1030 3483 1079 3531 alia
1089 3484 1243 3534 huiusmodi:
1261 3488 1419 3550 antiquiores,
1432 3492 1576 3552 praesertim

439 3565 554 3630 perieulis
571 3565 733 3614 eoniunetam.
768 3563 884 3626 Denique
900 3563 988 3621 miles,
1030 3562 1137 3624 Comici,
1155 3581 1226 3629 saepe
1243 3581 1293 3614 non
1315 3567 1388 3616 aliter
1405 3569 1575 3632 loquebantur.

439 3642 987 3702 rusticus,nautalaboremferunthaemente,
1030 3643 1071 3692 sie
1093 3645 1199 3693 Plautus
1221 3647 1322 3705 iterum,
1345 3648 1371 3695 in
1389 3648 1491 3698 Mereat.
1514 3650 1535 3700 Ι,
1558 3666 1574 3699 1.

441 3733 470 3773 ut
487 3739 556 3774 senes
572 3727 600 3772 in
616 3725 669 3772 otio
687 3727 746 3770 tuto
763 3723 889 3769 recedent.
907 3723 988 3786 Atqui
1029 3723 1068 3771 40.
1108 3727 1241 3788 Principio
1271 3732 1346 3788 etque
1375 3729 1475 3777 enititur
1506 3733 1576 3793 ephe·

440 3813 535 3861 noster,
560 3803 645 3866 qroots
670 3802 744 3848 onitu
770 3800 818 3847 iam
844 3808 881 3848 est
905 3817 986 3851 senen.
1028 3804 1064 3851 ou
1081 3809 1164 3853 estote
1181 3806 1258 3864 ondit,
1273 3809 1356 3868 Atque
1374 3809 1475 3857 nntoous
1494 3812 1576 3859 studio

439 3885 555 3934 Fortasse
571 3883 631 3941 hae,
648 3880 750 3929 fortasse
767 3887 791 3927 et
807 3879 870 3928 aliae
886 3894 987 3930 caussae
1028 3889 1127 3932 amotus
1142 3887 1238 3945 puerili
1255 3891 1293 3932 est
1310 3901 1385 3934 oureus.
1424 3887 1476 3936 Ubi
1492 3891 1575 3953 legen·

440 3975 539 4009 movere
567 3959 740 4016 momerium,
771 3965 799 4005 ut
832 3961 986 4018 emendaret,
1029 3963 1100 4010 dum:
1125 3965 1261 4026 Principio
1284 3969 1314 4011 ut
1335 3980 1366 4013 ea
1386 3968 1485 4027 ephebis
1505 3976 1577 4018 netes

440 4041 525 4103 qrnois
542 4041 634 4093 ermis,
661 4039 726 4099 quod
753 4037 783 4084 ab
808 4038 912 4086 Horatio
928 4040 986 4086 seri·
1029 4044 1109 4104 enuit,
1135 4046 1219 4105 Atque
1245 4046 1346 4092 nouimus
1369 4048 1455 4095 studio
1476 4056 1576 4098 notetus

440 4125 510 4180 ptum
527 4131 580 4166 esse
596 4116 708 4165 arbitror.
741 4116 829 4173 Miles,
847 4118 931 4178 gravis
949 4134 986 4166 ar·
1027 4124 1121 4183 puerili
1138 4128 1162 4170 et
1172 4128 1245 4170 mem
1265 4123 1344 4171 Aetas
1354 4138 1385 4173 ex
1395 4126 1495 4188 ephebis
1504 4129 1573 4186 exiit,

440 4196 501 4256 mis,
525 4211 603 4260 quum
628 4196 655 4244 in
679 4195 780 4253 itinere,
806 4196 869 4254 aeie,
893 4197 987 4258 proelio
1027 4215 1080 4262 pro,
1102 4216 1150 4264 ego
1166 4202 1229 4249 exii:
1251 4202 1341 4251 Baeoh.
1359 4203 1380 4253 Ι.
1400 4219 1429 4253 11.
1444 4207 1483 4256 40.
1516 4209 1576 4256 lom

440 4284 561 4327 versatur.
593 4276 684 4325 Livius
709 4275 758 4324 IX.
784 4275 821 4324 19.
852 4277 986 4338 Equitem,
1026 4283 1130 4329 arcessit
1147 4283 1209 4328 attint
1226 4287 1297 4328 oetas
1312 4298 1343 4330 ee
1361 4286 1504 4346 oaoqistem'o
1525 4293 1575 4336 tuo.

439 4356 558 4417 anittos,
580 4358 664 4405 sottus
680 4355 828 4418 impeditos,
844 4357 903 4402 neto
919 4371 982 4404 οων-
1028 4359 1099 4419 Quod
1122 4360 1255 4421 legendum
1277 4364 1463 4423 putavissem,
1487 4365 1576 4414 contir-

439 4437 562 4484 meutibus
578 4437 644 4492 loeo,
665 4435 752 4497 qroois
771 4435 850 4482 urnis
866 4436 937 4482 ortiles
955 4437 985 4482 a·-
1025 4437 1089 4484 mari
1097 4445 1175 4499 potest
1185 4438 1284 4487 Terent.
1294 4440 1374 4489 Andr.
1384 4443 1406 4491 I.
1416 4457 1433 4492 1.
1442 4444 1483 4494 24.
1507 4447 1577 4494 Nem

439 4526 506 4560 onere
519 4517 609 4574 potest.
644 4513 693 4562 Sed
713 4512 785 4561 miles
807 4513 917 4561 laborem
935 4528 985 4562 non
1025 4518 1048 4564 ts
1062 4522 1196 4578 postquam
1214 4520 1359 4568 eoeessitee
1375 4524 1482 4584 ephebis,
1495 4525 1577 4586 seue,

439 4590 523 4649 sentit,
545 4593 676 4653 quamdiu,
700 4608 745 4641 sua
762 4601 826 4641 sorte
843 4601 984 4651 eontentuS,
1026 4596 1141 4645 Liberius
1165 4598 1264 4646 uiuendi
1282 4597 1341 4660 suit
1364 4605 1490 4661 potestus:
1516 4620 1576 4653 nom

438 4669 515 4717 otium
537 4684 651 4720 securum
674 4674 797 4736 prospicit.
830 4673 884 4722 Vix
902 4681 983 4722 nutem
1025 4681 1100 4724 ontee
1137 4678 1188 4735 Qui
1204 4679 1269 4727 seire
1279 4693 1368 4741 posses,
1383 4686 1430 4728 nont
1450 4684 1576 4745 inqeno'um
