3750 5759
803 679 982 742 Llllllli
1030 678 1053 742 l.

404 866 609 951 Campanum
635 865 667 928 in
692 865 862 947 morbum,
888 866 922 929 in
947 865 1064 929 faciem
1089 865 1252 950 permulta
1276 865 1418 948 iocatus,

405 971 574 1034 Pastorem
598 969 733 1034 saltaret
756 968 806 1033 uti
831 969 974 1053 Cyclopa
997 970 1150 1053 rogabat:

403 1072 460 1137 Nil
483 1073 534 1137 illi
558 1073 648 1137 larva
672 1079 730 1138 aut
753 1073 886 1158 tragicis
915 1096 997 1158 opus
1022 1096 1092 1138 esse
1116 1073 1293 1138 cothurnis.

404 1176 512 1242 Multa
535 1176 676 1242 Cicirrus
701 1177 742 1241 ad
766 1177 863 1242 haec:
889 1177 1045 1242 donasset
1068 1178 1177 1242 iamne
1201 1183 1349 1242 catenam

405 1279 456 1343 Ex
479 1284 556 1345 voto
581 1280 737 1363 Laribus,
764 1282 956 1366 quaerebat:
982 1280 1088 1345 scriba
1112 1280 1197 1365 quod
1221 1286 1321 1361 esset,

402 1383 554 1449 Deterius
578 1383 682 1449 nihilo
707 1385 858 1450 dominae
883 1385 933 1449 ius
958 1368 1036 1449 esse.
1085 1384 1236 1468 Rogabat

404 1487 568 1572 Denique,
594 1510 651 1553 cur
673 1510 830 1573 umquam
854 1488 1011 1573 fugisset,
1037 1488 1089 1553 cui
1115 1487 1195 1552 satis
1220 1509 1286 1550 una

405 1590 514 1656 Farris
537 1591 622 1656 libra
645 1592 746 1674 foret,
771 1592 886 1676 gracili
910 1591 958 1657 sic
974 1597 1114 1677 tamque
1137 1590 1277 1676 pusillo?

405 1697 542 1759 Prorsus
566 1693 707 1760 iucunde
733 1717 867 1760 coenam
891 1694 1106 1780 produximus
1122 1694 1232 1759 illam.

405 1798 580 1864 Tendimus
604 1797 681 1863 hinc
704 1804 793 1863 recta
817 1799 1062 1881 Beneventum,
1087 1798 1144 1863 ubi
1169 1797 1301 1863 sedulus
1326 1797 1443 1880 hospes

406 1904 513 1967 Paene
536 1924 663 1967 macros
688 1902 769 1967 arsit
793 1902 872 1967 dum
896 1903 1009 1967 turdos
1033 1907 1142 1981 versat
1166 1901 1201 1965 in
1226 1901 1312 1986 igni:

405 2006 492 2070 Nam
515 2027 600 2090 vaga
624 2027 683 2090 per
704 2011 847 2071 veterem
871 2006 999 2091 dilapso
1022 2005 1157 2070 flamma
1180 2005 1325 2070 culinam

405 2093 744 2175 Vulcano'summum
768 2109 963 2195 properabat
985 2109 1129 2174 lambere
1152 2115 1285 2174 tectum.

407 2213 569 2279 Convivas
593 2212 706 2278 avidos
731 2235 866 2278 coenam
890 2235 1062 2298 servosque
1086 2213 1241 2278 timentes

406 2318 487 2382 Tmn
510 2338 624 2401 rapere
650 2321 748 2402 atque
772 2338 885 2381 ornnes
909 2315 1113 2401 restinguere
1136 2315 1220 2380 velle
1243 2314 1378 2381 videres.

409 2421 531 2507 Incipit
553 2442 594 2486 ex
617 2420 827 2486 illo‘montes
850 2420 998 2506 Appulia
1021 2425 1116 2485 notos

409 2527 582 2592 Ostentare
605 2525 706 2609 mihi,
732 2548 814 2611 quos
839 2531 940 2591 torret
962 2525 1127 2591 Atabulus
1151 2530 1185 2590 et
1208 2546 1287 2609 quos

409 2631 600 2716 Numquam
624 2652 827 2715 erepsemus‚
852 2630 918 2694 nisi
943 2651 1002 2694 nos
1026 2629 1135 2694 vicina
1157 2626 1275 2693 Trivici

408 2734 498 2799 Villa
521 2733 712 2820 recepisset,
736 2734 919 2819 lacrymoso
944 2757 1010 2800 non
1035 2735 1106 2799 sine
1129 2733 1236 2816 fumo,

409 2838 500 2906 Udos
524 2860 599 2903 cum
622 2838 712 2903 foliis
737 2860 844 2903 ramos
868 2843 984 2904 urente
1009 2838 1146 2904 camino.

409 2942 473 3007 Hic
497 2964 558 3028 ego
581 2943 772 3007 mendacem
796 2943 1015 3009 stultissimus
1039 2965 1142 3028 usque
1165 2939 1310 3027 puellam

408 3047 462 3111 Ad
486 3046 630 3112 mediam
654 3052 785 3113 noctem
809 3054 971 3133 exspecto.
1021 3048 1163 3115 Somnus
1188 3051 1298 3111 tamen
1323 3043 1429 3108 aufert

410 3153 582 3217 intentum
607 3151 743 3217 Veneri:
768 3158 841 3217 tum
865 3153 1037 3217 immundo
1061 3151 1189 3217 somnia
1211 3149 1286 3215 visu

409 3255 614 3320 Nocturnam
636 3259 762 3320 vestem
785 3257 955 3321 maculant
980 3260 1189 3340 ventremque
1213 3252 1377 3337 supinum.

411 3359 573 3439 Quattuor
595 3358 672 3423 hinc
702 3358 849 3444 rapimur
870 3358 992 3444 viginti
1016 3363 1048 3422 et
1071 3356 1179 3421 millia
1201 3355 1329 3436 rhedis,

410 3463 559 3529 Mansuri
585 3463 758 3551 oppidulo,
784 3465 871 3550 quod
894 3486 991 3529 versu
1015 3463 1120 3528 dicere
1144 3482 1210 3525 non
1234 3464 1300 3541 est,

366 3591 391 3638 in
407 3591 489 3640 media
507 3590 587 3639 fronte
603 3592 668 3640 inter
684 3592 749 3655 ipsos
765 3593 845 3642 crines
862 3609 913 3641 ma·
959 3589 1190 3656 ὑπογλαύσσονσσ;
1212 3595 1237 3636 et
1254 3595 1310 3635 autc
1327 3584 1508 3636 Callimachum

367 3671 422 3737 cula
438 3672 558 3730 rotunda,
575 3672 683 3720 crinibus
694 3673 770 3721 nuda.
788 3675 845 3737 Ego
856 3688 913 3722 con·
958 3670 1060 3719 Hesiod.
1077 3670 1104 3717 in
1122 3669 1218 3730 Theog.
1245 3667 1348 3722 Μοῦνος
1371 3663 1390 3712 6⁹
1409 3664 1508 3728 optab-

367 3751 489 3801 iiciebam:
508 3753 622 3801 Selcsam
639 3753 722 3814 clypei
731 3752 849 3816 frontem
860 3760 915 3802 tar·
958 3751 1005 3815 μὸς
1022 3748 1106 3814 μέσσῳ
1123 3746 1144 3796 δ’
1157 3746 1265 3796 ἐπέκειτο
1278 3743 1416 3810 προσώπῳ.
1434 3742 1508 3804 Virg.

364 3838 472 3894 paverat
489 3835 552 3882 arbe.
580 3833 656 3882 Recte
678 3834 746 3881 orbis
771 3835 865 3896 clypei,
887 3839 917 3880 ut
959 3830 1009 3878 III.
1028 3828 1093 3877 Aen.
1112 3826 1169 3875 635.
1188 3828 1236 3875 telo
1254 3825 1509 3873 commoraremur

367 3911 460 3976 Virgil.
487 3911 552 3960 Aen.
569 3911 605 3960 Π.
631 3911 688 3963 227.
713 3913 845 3975 clypeique
870 3914 916 3961 aab
960 3914 1034 3958 acuta
1060 3909 1165 3969 Iapeas,
1190 3906 1257 3968 qaod
1281 3910 1353 3952 torva
1368 3905 1448 3952 solam
1464 3903 1512 3951 aab.

367 3994 564 4056 orbetepaatar.
599 3991 708 4040 Cicirrus
726 3997 809 4040 autom
826 3992 916 4040 similis
956 3988 1046 4050 fronte
1076 3989 1184 4045 latebat,
1214 3985 1326 4047 Arpolc'ci
1351 3984 1432 4044 clypei
1464 3987 1511 4030 aut

368 4079 420 4119 erat
436 4071 549 4136 Cyclopi.
561 4073 622 4120 Ideo
637 4087 698 4121 mox
709 4079 813 4136 rogatur
824 4080 852 4121 nt
868 4075 917 4120 aal-
963 4069 1091 4116 Phoebeae
1107 4067 1233 4128 lampadis
1249 4066 1340 4112 instar.
1374 4062 1426 4110 Ubi
1446 4066 1511 4109 recte

368 4156 435 4200 taret
455 4153 578 4214 Cyclopa,
596 4166 678 4215 neque
698 4167 760 4215 opus
777 4167 830 4201 csse
845 4152 918 4200 larva
962 4147 1090 4195 Donatus:
1117 4147 1225 4200 latebat,
1252 4142 1348 4205 capillis
1374 4139 1510 4202 tegebatur.

367 4238 391 4279 et
415 4231 552 4280 cothurnis.
589 4230 732 4282 Similitudo
757 4232 916 4294 praesertim,
962 4225 1036 4276 Ovid.
1059 4226 1161 4274 Metam.
1179 4223 1257 4272 XIII.
1278 4221 1335 4270 851.
1358 4218 1464 4282 Cyclops
1482 4218 1511 4264 de

367 4310 417 4359 nisi
431 4311 511 4370 unice,
528 4312 716 4375 spectabaturin
733 4319 813 4360 setosa
829 4309 917 4367 fronte,
962 4320 989 4354 se
1002 4305 1126 4368 loquitur:
1146 4304 1233 4351 Barba
1246 4304 1322 4358 viras,
1334 4299 1511 4360 hirtaeqaede·

368 4397 392 4440 ct
416 4391 529 4440 cicatrice
548 4392 666 4450 rotunda,
691 4392 770 4440 instar
800 4391 867 4439 oculi
891 4392 918 4439 in
963 4391 1021 4436 cent
1041 4387 1069 4433 ia
1094 4398 1196 4445 corpore
1217 4387 1291 4430 actae.
1330 4380 1416 4426 Uaam
1432 4381 1469 4424 eat
1484 4377 1511 4423 ia

368 4471 448 4521 fronte
468 4471 601 4535 conspicui.
634 4457 722 4520 Talem
745 4470 844 4518 vultum
861 4473 918 4534 poe·
963 4467 1045 4514 acedia
1062 4465 1145 4511 lamen
1162 4462 1224 4511 mibi
1242 4460 1345 4523 fracte,
1369 4459 1412 4506 sed
1427 4459 1512 4504 instar

369 4559 408 4600 tae
425 4552 452 4600 in
474 4551 623 4615 Cyclopibus
645 4550 793 4600 describunt.
819 4548 917 4599 Gallim.
964 4545 1081 4607 Iapeatia
1098 4544 1186 4605 clppei.
1220 4538 1345 4601 Exempla
1369 4537 1417 4585 ieta
1441 4542 1512 4583 erant

368 4633 402 4681 H.
419 4632 495 4681 Dian.
513 4634 552 4682 53.
579 4629 623 4679 ὑπ’
641 4631 719 4696 ὀφρῦν
744 4630 812 4681 Φάεα
829 4630 918 4694 pavat-
964 4625 1076 4688 cognita,
1101 4624 1144 4672 sed
1169 4620 1329 4670 adscribenda
1354 4617 1453 4681 putavi,
1484 4623 1512 4662 ut

369 4713 467 4776 γληνα,
486 4712 554 4761 σάκει
576 4711 620 4759 ἴσα
643 4709 796 4774 τετραβοείῳ
830 4709 920 4757 Δεινὸν
964 4706 1103 4755 coniectura
1120 4719 1175 4753 mea
1196 4698 1357 4751 verosimilior
1374 4704 1509 4760 appareret.

1323 4782 1371 4842 4*
