3750 5759
446 698 509 761 182
833 695 859 756 Ι.
907 712 1035 760 sumas
1058 712 1092 759 v.
1116 713 1163 759 vr.

443 881 550 932 Anthol.
567 884 654 933 Burm.
671 882 703 932 T.
720 883 742 933 1.
759 898 783 946 p.
799 882 856 935 407.
873 882 1006 946 accipiebat
1026 895 1071 946 pro
1091 881 1175 931 dativo
1195 880 1322 944 praetori,
1345 885 1374 927 ut
1394 884 1474 929 ntorte
1497 880 1573 928 datus

444 976 490 1026 pro
507 965 591 1012 morti.

492 1042 523 1092 P.
539 1042 581 1092 50.
613 1046 780 1093 Praetestam
799 1048 825 1092 et
845 1045 928 1091 latum
949 1044 1047 1093 emaum
1066 1056 1213 1105 prunaeque
1235 1038 1362 1090 batillum.
1393 1039 1475 1089 Nemo
1491 1040 1574 1089 adhuc

442 1120 562 1184 probabili
578 1124 651 1172 modo
667 1123 715 1172 ista
730 1122 887 1186 interpretari
902 1121 982 1170 scivit.
1005 1121 1095 1184 Neque
1111 1133 1159 1182 ego
1174 1119 1233 1169 scio.
1259 1119 1327 1182 Quid
1341 1119 1464 1168 sententia
1480 1126 1572 1182 possm,

442 1201 525 1250 minus
540 1202 672 1252 obscurum
693 1210 741 1263 est,
763 1202 831 1251 aliud
852 1201 944 1251 scilicet
963 1207 1152 1259 ornamentum,
1173 1215 1230 1249 cum
1246 1206 1375 1263 praetexta
1393 1205 1420 1248 et
1435 1198 1487 1248 lato
1502 1199 1573 1249 claro

441 1283 603 1340 conveniens,
618 1290 644 1332 et
659 1297 716 1332 cum
732 1282 762 1332 iis
778 1281 895 1346 coniungi
911 1281 1020 1332 solitum,
1052 1283 1109 1331 Hoc
1128 1282 1297 1346 quaerendum
1314 1280 1413 1330 videtur
1428 1280 1455 1328 iu
1470 1280 1572 1338 calceis,

442 1378 503 1427 quos
519 1370 644 1413 senatores
660 1363 739 1428 nign's
755 1362 867 1426 corrigiis
883 1363 951 1412 cruri
968 1362 1117 1427 alligabant:
1137 1365 1306 1412 Praetentam
1322 1366 1347 1410 et
1363 1363 1445 1410 tatum
1459 1363 1572 1426 alaeam,

441 1449 468 1493 et
482 1445 582 1506 nitran
597 1459 692 1507 quaque
707 1444 813 1493 ustam.
846 1442 968 1492 Horatius
984 1443 1050 1492 idom
1066 1442 1140 1506 pane
1155 1443 1191 1491 sic
1207 1441 1327 1504 expressit
1346 1441 1374 1490 in
1389 1439 1573 1497 homerum

441 1521 464 1572 1.
480 1521 554 1573 saur.
569 1523 618 1574 VI.
635 1523 676 1572 ta
696 1537 743 1586 quo
760 1524 816 1582 tibi,
837 1523 911 1580 ltus,
930 1523 1034 1572 Sumere
1050 1523 1191 1585 depoutune
1211 1522 1311 1570 clauum
1320 1520 1433 1584 flerique
1448 1520 1574 1570 muno?

441 1605 512 1652 Nam
535 1607 566 1652 ut
589 1604 693 1667 quisque
715 1605 821 1652 ouantes
845 1604 926 1665 nimie
950 1604 1058 1651 medium
1079 1602 1195 1664 impediit
1210 1615 1270 1650 crus
1304 1600 1431 1662 Pellibus,
1447 1606 1473 1650 et
1490 1602 1573 1650 latum
1618 1644 1622 1652 .

440 1685 540 1733 denum
552 1687 652 1746 pectore
671 1683 784 1740 eurum,
817 1683 899 1731 Audit
915 1684 1046 1731 continua:
1065 1683 1137 1743 ‚auis
1153 1682 1223 1730 bomo
1240 1681 1294 1738 luia,
1311 1685 1358 1730 aut
1375 1695 1423 1742 quo
1440 1687 1573 1745 patrenu-

441 1765 513 1812 ΜΨ
545 1761 715 1812 Memorabilis
731 1769 769 1811 est
784 1760 852 1810 locus
868 1759 935 1824 apud
952 1760 1065 1810 Iuvenal.
1085 1759 1160 1810 Satir.
1178 1759 1241 1810 vn.
1261 1760 1315 1810 190.
1338 1762 1414 1809 Fatis
1430 1766 1456 1809 et
1473 1761 1574 1824 sapiens

439 1847 465 1891 et
488 1844 578 1892 nabilis
602 1848 628 1892 et
645 1856 775 1905 qeneroaus
808 1841 957 1905 Appositum
984 1843 1071 1904 elprae
1095 1844 1182 1888 tunam
1208 1842 1320 1890 subtexit
1341 1843 1434 1890 madae.
1466 1840 1573 1890 Praetor

439 1921 549 1981 Luscus,
565 1921 636 1986 quasi
651 1928 781 1985 praetexta
797 1928 822 1970 ot
837 1921 903 1970 latus
919 1920 1005 1969 clavus
1021 1935 1072 1969 uon
1088 1919 1245 1979 sufficerent,
1262 1921 1346 1984 nigras
1362 1934 1461 1984 qnoque
1480 1920 1508 1969 in
1522 1919 1572 1969 cal·

438 2001 488 2050 cois
504 2001 631 2065 corrigias,
647 2001 732 2064 nigras
747 2006 876 2064 pressores
892 2000 1010 2062 corrigias
1027 1998 1139 2048 habebat.

487 2080 518 2130 P.
534 2081 575 2129 st.
608 2082 678 2129 Bari
695 2082 792 2130 ηιυοηὶα
807 2082 909 2143 piscosi.
942 2080 1026 2128 Acro:
1049 2080 1140 2139 „Baris
1159 2080 1246 2129 civitas
1263 2081 1386 2143 Apuliae,
1407 2095 1472 2144 quae
1489 2080 1572 2144 appel·

437 2160 536 2210 labatur
560 2161 672 2210 Barium
704 2161 745 2209 Ea
770 2163 882 2212 Adbarta
897 2161 990 2210 dicitur
1006 2161 1137 2226 hodieque,
1163 2168 1193 2210 ut
1212 2161 1276 2210 dixit
1297 2161 1472 2225 grammaticus
1491 2161 1572 2211 Theo·
1608 2186 1610 2191 .

438 2241 539 2291 tiscns.“
570 2241 604 2290 In
619 2241 658 2290 his
674 2242 811 2290 notandum
828 2244 950 2291 Adbure'a.
983 2242 1020 2290 Ut
1043 2243 1109 2291 euim
1130 2248 1224 2291 veteres
1243 2257 1277 2291 ex
1297 2243 1438 2292 nominibus
1459 2243 1573 2292 locorum

439 2323 504 2372 notis
522 2322 664 2371 'formabant
687 2337 753 2370 nova
774 2323 875 2371 nomina
895 2323 996 2371 adiectis
1016 2322 1235 2386 praepositionibus
1252 2325 1286 2372 ad
1305 2326 1344 2382 in,
1368 2321 1457 2372 Graeci
1482 2321 1518 2380 εἰς
1535 2323 1572 2384 ἐν,

440 2402 482 2452 ita·
492 2401 616 2451 faciebant
631 2403 779 2452 recentiores
795 2402 887 2466 populi.
922 2403 994 2453 Alibi
1010 2404 1041 2452 de
1057 2404 1233 2452 consuetudine
1252 2404 1300 2452 ista
1316 2402 1426 2466 exposui.

868 2539 901 2622 ι’.
935 2570 1071 2622 sarran
1095 2572 1145 2622 vr.

486 2716 551 2780 Peg.
567 2715 608 2765 st.
645 2717 731 2775 Quum
752 2714 848 2778 referre
875 2730 964 2778 nepae,
989 2717 1061 2778 quali
1085 2718 1121 2764 eit
1140 2717 1243 2778 quiaque
1260 2721 1367 2778 parente
1400 2717 1573 2774 Nomadum

437 2799 571 2860 inpetum,
593 2797 730 2860 permulsa
760 2796 805 2844 bct
826 2796 874 2843 tibi
897 2810 970 2854 ome,
1006 2797 1076 2844 Ante
1094 2801 1242 2858 potestatem
1273 2797 1344 2844 Tulli
1370 2802 1446 2858 atque
1464 2797 1573 2858 mobile

436 2891 540 2939 rapnum
573 2875 675 2926 Multas
696 2890 769 2938 saepe
785 2877 853 2924 uiros
873 2876 952 2924 nullis
975 2876 1110 2924 monnone
1126 2882 1194 2925 ortos
1226 2877 1266 2924 Et
1282 2877 1372 2925 earnm
1390 2878 1493 2938 probos,
1518 2892 1571 2926 am-

435 2958 489 3019 plis
513 2961 539 3005 et
561 2957 693 3006 lmnombua
714 2961 815 3014 auctas3
843 2954 941 3004 Conna
966 2956 1120 3015 munem,
1141 2955 1228 3005 Valent
1243 2971 1333 3019 penus,
1358 2958 1424 3006 unde
1441 2957 1572 3019 Superbus

440 3035 596 3098 Tarquinius
619 3050 694 3098 regno
717 3036 805 3095 paura
814 3034 901 3098 sapit,
926 3036 1004 3083 unius
1028 3037 1094 3084 atate
1129 3038 1187 3085 Non
1211 3051 1322 3099 unquam
1336 3038 1419 3097 pretia
1438 3038 1525 3098 pluria
1541 3038 1571 3085 lt·

436 3116 528 3174 cua'aee,
553 3120 656 3163 notante
691 3115 790 3170 Indue,
815 3129 864 3176 pua
880 3116 960 3174 nosti,
980 3116 1088 3177 populo,
1110 3118 1155 3178 qui
1173 3118 1269 3165 stultus
1291 3117 1394 3165 bonores
1427 3117 1508 3179 Saepe
1524 3120 1572 3166 dat

436 3195 550 3257 indipnie
566 3198 591 3243 et
601 3193 692 3254 famae
707 3194 786 3242 enuit
806 3195 915 3254 ineptus.
948 3194 1016 3255 Quot
1032 3195 1131 3258 quantis
1142 3195 1326 3245 difficultatibus
1342 3196 1465 3245 sententia
1480 3197 1571 3246 borum

438 3287 555 3324 versuum
575 3272 681 3333 laboret,
706 3274 765 3322 satis
786 3275 920 3323 ostendunt
944 3275 1056 3324 diversae
1077 3277 1239 3339 interpretum
1261 3277 1395 3341 opiniones.
1424 3279 1571 3327 Persuadent

436 3356 482 3405 bac
497 3356 545 3404 titt
559 3370 622 3405 aere.
655 3353 775 3405 Horatius
797 3354 879 3404 dicero
895 3369 946 3404 nou
962 3362 1067 3419 poterat,
1083 3355 1130 3404 nisi
1147 3364 1214 3404 certa
1230 3357 1331 3406 haberet
1341 3357 1491 3415 testimonia,
1503 3360 1571 3408 unde

436 3441 571 3494 constaret,
588 3442 646 3485 ente
666 3442 812 3498 potestatem
829 3435 899 3485 Tulli
922 3435 985 3485 tales
1006 3436 1073 3485 viros
1090 3435 1189 3485 vixisse.
1222 3437 1377 3485 Testimonia
1392 3451 1444 3485 nou
1461 3444 1575 3488 exstant·

435 3516 490 3565 Nec
505 3517 637 3566 Maecenas
657 3515 738 3564 dicere
754 3520 861 3579 poterat:
883 3529 941 3564 vere
957 3515 1019 3564 mihi
1040 3516 1176 3579 persuadeo
1197 3530 1238 3565 eos
1255 3516 1361 3566 vixisse:
1386 3523 1496 3579 poterat,
1516 3519 1570 3580 for-

437 3604 503 3646 torae
517 3611 573 3646 vere
589 3597 652 3644 milei
667 3597 817 3659 pecuedes,
833 3595 971 3645 verosimile
979 3598 1110 3654 est,credo
1120 3595 1161 3645 vel
1172 3596 1258 3645 simile.
1277 3596 1374 3646 Contra
1387 3599 1527 3648 Laeuinum
1538 3627 1570 3635 -

434 3677 519 3739 pluris
536 3677 643 3726 tunnas.
677 3675 735 3723 Non
751 3674 878 3737 intelligo,
893 3676 959 3724 undo
975 3675 1112 3724 infinitivus
1129 3678 1241 3739 pendeat.
1274 3677 1357 3736 Ratio,
1379 3692 1429 3740 qua
1445 3677 1570 3740 explicare

436 3762 563 3813 conantur,
579 3770 668 3818 parum
684 3753 815 3816 probabilis
831 3761 877 3802 est.
904 3755 1042 3804 Laeuinum
1059 3756 1158 3804 Maure
1174 3772 1224 3804 non
1238 3757 1330 3818 plures,
1341 3755 1453 3805 sciebant
1469 3772 1568 3807 omues:

435 3837 559 3899 quomodo
574 3835 653 3898 igitur
668 3834 809 3893 Maecenas,
825 3833 871 3881 hoc
886 3835 922 3881 ita
938 3833 1066 3892 accidisse,
1089 3850 1145 3883 uere
1160 3837 1209 3884 eibi
1224 3837 1376 3899 persuadet?
1409 3836 1476 3893 Hoc,
1494 3842 1569 3900 puto,

435 3917 514 3964 movit
529 3917 753 3973 Wustemannum‚
770 3920 799 3961 ut
814 3915 933 3964 iudicaret
950 3929 981 3964 ex
998 3917 1133 3978 peneades
1149 3917 1323 3964 assumendum
1340 3929 1393 3964 esso
1403 3918 1480 3978 probe
1495 3920 1569 3967 nuta

435 3993 505 4044 Nihil
525 3993 587 4042 mihi
606 3994 737 4042 obscurum
754 3994 889 4051 videretur,
911 3995 933 4042 si
957 3994 1076 4043 Horatius
1093 3994 1242 4058 scripsisset:
1266 3998 1351 4053 Quum
1367 3995 1464 4059 referre
1479 4012 1568 4060 nepas,

434 4075 505 4138 quali
529 4075 564 4122 att
588 4074 691 4136 quaque
705 4079 811 4136 parente
844 4074 948 4132 Natus,
973 4076 1033 4124 dum
1054 4077 1183 4137 inpensius.
1220 4076 1362 4126 Persuadere
1380 4077 1424 4125 hoe
1441 4076 1488 4124 tibi
1505 4092 1568 4126 aere.

435 4158 503 4204 Ante
516 4159 666 4218 potestatem
687 4155 757 4202 Tulli
773 4159 848 4216 atque
864 4155 972 4216 ipnobde
988 4170 1091 4217 repnum
1109 4157 1207 4204 Multos
1223 4157 1295 4205 crede
1310 4156 1377 4204 ciros
1393 4157 1475 4204 nullis
1491 4158 1568 4206 maio-

434 4236 506 4283 ribus
522 4239 588 4283 ortos
621 4236 660 4282 Et
676 4235 769 4283 meuse
782 4235 871 4296 probos
887 4235 978 4295 amplia
989 4239 1014 4282 et
1025 4235 1157 4283 bonoribus
1173 4240 1274 4285 auctos:
1302 4234 1399 4283 Contra
1416 4235 1567 4293 Laeuinum,

438 4312 525 4363 Valeri
548 4329 637 4376 penus,
662 4315 727 4361 uude
749 4312 875 4376 Superbus
915 4314 1071 4377 Tarquinius
1087 4312 1163 4377 fuplt
1185 4315 1276 4376 pulsus
1301 4328 1384 4376 teano,
1405 4315 1481 4362 unius
1503 4316 1571 4364 aaut

436 4396 495 4444 Non
510 4409 621 4457 unpreane
636 4394 718 4455 pretio
732 4394 817 4453 pluria
833 4393 945 4452 licuisse,
960 4397 1064 4441 notante
1086 4394 1229 4450 Iudicem,
1245 4394 1324 4451 amu,
1334 4394 1440 4455 popula,
1451 4396 1567 4456 quietal-

435 4481 477 4522 tua
494 4475 596 4522 honores
629 4473 708 4533 Saepe
733 4473 778 4519 dut
802 4472 913 4534 indigenis
936 4476 961 4520 et
976 4471 1067 4534 suntne
1087 4474 1165 4520 seruit
1186 4473 1294 4534 ineptus.
1328 4471 1393 4533 Quia
1409 4480 1461 4520 tam
1478 4473 1566 4522 nobilis

435 4568 473 4611 cs,
491 4552 634 4608 Maecenas,
651 4552 706 4599 ideo
722 4555 762 4599 me
779 4565 828 4598 non
845 4551 961 4613 despicis,
978 4565 1034 4599 oum
1052 4552 1117 4599 dicas
1135 4559 1159 4600 et
1176 4552 1323 4611 contendas,
1340 4551 1375 4600 nil
1392 4552 1499 4611 referre,
1517 4568 1566 4617 quo

435 4633 488 4693 quis
505 4642 574 4694 patre
590 4633 622 4680 sit
637 4638 722 4686 natus,
740 4631 812 4678 modo
830 4631 918 4679 habeat
928 4632 1071 4694 ingenuam
1093 4638 1210 4681 mentem.
1245 4633 1279 4680 Et
1301 4632 1336 4680 sic
1360 4631 1484 4689 iudicans,
1506 4647 1566 4681 vere

434 4712 535 4763 iudicas.
567 4712 655 4761 Virtus
673 4709 797 4767 nobilitat,
815 4726 864 4759 non
882 4726 967 4773 genus
996 4714 1051 4762 Hoc
1068 4712 1102 4762 ita
1119 4728 1205 4762 verum
1223 4719 1271 4771 est,
1289 4718 1317 4760 ut
1333 4727 1362 4760 ea
1378 4712 1495 4775 cogitatio
1513 4712 1565 4760 ani·
