3750 5759
432 674 494 736 146
821 660 1173 732 SATIRARUM

474 858 673 943 Expugnare
696 859 802 940 caput.
852 852 978 920 Scribet
998 851 1086 915 mala
1103 849 1250 914 carmina
1268 869 1399 924 vecors3

474 961 632 1026 Laudato.
683 956 947 1025 Scortatorerit:
972 961 1104 1020 cavete
1130 960 1237 1038 roget:
1266 951 1353 1017 ultro

475 1065 675 1150 Penelopam
698 1063 804 1129 facilis
827 1061 948 1148 potiori
971 1060 1097 1125 trade.“
1145 1059 1315 1142 „Putasne

440 1186 442 1190 ·
474 1168 613 1234 Perduci
633 1167 754 1254 poterit
780 1171 849 1231 tam
875 1164 965 1250 frugi
988 1170 1121 1248 tamque
1143 1162 1272 1248 pudica,

475 1272 581 1352 Quam
603 1272 754 1358 nequiere
772 1270 862 1356 proci
886 1274 974 1334 recto
996 1268 1156 1354 depellere
1176 1267 1317 1331 cursu?“

473 1376 597 1459 „Venit
617 1377 705 1442 enim
725 1397 883 1459 magnum
901 1371 1047 1437 donandi
1066 1393 1163 1457 parca
1182 1371 1355 1452 iuventus,

472 1479 540 1544 Neo
561 1485 692 1545 tantum
709 1477 864 1559 Veneris,
888 1480 1049 1561 quantum
1073 1474 1221 1539 studiosa
1247 1473 1382 1538 culinae.

474 1582 527 1648 Sic
550 1583 612 1648 tibi
636 1584 800 1669 Penelope
822 1580 911 1666 frugi
935 1584 1003 1645 est:
1028 1600 1128 1664 quae,
1153 1578 1182 1643 si
1205 1577 1305 1642 semel
1328 1572 1394 1641 uno

472 1685 523 1751 De
546 1708 623 1752 sene
645 1687 794 1773 gustarit
820 1691 931 1751 tecum
953 1683 1076 1770 partita
1098 1681 1269 1765 lucellum,

427 1832 562 1898 πολιορκίᾳ
579 1834 624 1882 οὐκ
641 1835 683 1883 ἐπὶ
701 1835 733 1883 τὰ
750 1833 840 1899 ὑψηλὰ
857 1833 898 1882 καὶ
911 1832 973 1881 bet·
1014 1831 1055 1882 71.
1089 1832 1129 1878 Et
1147 1833 1208 1893 quia
1235 1830 1306 1878 nulio
1330 1832 1411 1890 venit,
1436 1837 1465 1879 tu
1490 1832 1569 1889 mihi,

426 1928 524 1975 κρημνα
545 1912 586 1960 καὶ
604 1912 706 1977 ἀσφαλῆ
723 1916 768 1962 τοῦ
785 1914 883 1976 τείχους
894 1929 973 1976 προσ·
1013 1925 1108 1966 eumne,
1126 1913 1190 1962 ceni.
1224 1912 1306 1973 Quam
1327 1912 1455 1974 proprium
1478 1912 1505 1959 in
1527 1912 1569 1960 his

427 1989 496 2038 tam
523 1991 545 2039 οἱ
570 1991 700 2057 πολέμιοι,
734 1991 791 2041 ἀλλ’
816 1994 879 2042 ivea
905 1992 972 2057 ἅφύ.
1013 1986 1085 2034 rebus
1102 1987 1133 2034 sit
1150 1991 1246 2046 venire,
1268 1989 1403 2038 docuerunt
1418 1991 1569 2054 interpretes

425 2068 521 2118 λακτόν
543 2089 567 2118 τι
582 2068 659 2135 μέρος
676 2071 692 2130 ἢ
711 2071 811 2135 σαθρὸν
831 2072 973 2120 αἴσθωνται
1013 2067 1043 2113 ad
1061 2067 1173 2129 Propert.
1191 2066 1227 2117 II.
1253 2083 1309 2117 XIV.
1332 2071 1373 2118 34.
1408 2070 1518 2139 Plautus
1540 2073 1569 2120 in

425 2147 596 2211 ἣτιιπεινὸν,
622 2150 663 2198 ἐπὶ
690 2152 764 2199 τοῦτο
782 2149 853 2216 πάσῃ
870 2150 973 2215 δυνάμει
1012 2154 1116 2210 utroque
1132 2148 1207 2196 verbo
1224 2149 1396 2211 coniungendo
1417 2149 1491 2209 lusit,
1511 2151 1569 2201 Me·

425 2227 561 2289 χωροῦσιν,
584 2228 618 2286 ὠς
639 2226 722 2294 ῥᾷστα
745 2229 910 2294 παρεισδῦναι
931 2230 973 2278 καὶ
1012 2227 1123 2276 naechm.
1141 2228 1174 2276 V.
1192 2242 1230 2276 rx.
1242 2229 1282 2280 97.
1317 2231 1418 2278 Venibit
1429 2245 1496 2278 uxor
1506 2247 1568 2294 quo·

426 2305 493 2355 ἑλεῖν
509 2305 652 2371 δυνάμενοι,
688 2307 751 2358 οὕτω
768 2309 810 2358 καὶ
827 2308 850 2357 οἱ
867 2307 973 2370 διαβάλ-
1012 2321 1059 2368 que
1075 2309 1167 2365 etium,
1183 2309 1206 2355 oi
1222 2310 1486 2370 quiooodoroeneiit.
1514 2311 1569 2361 Ubi

426 2386 526 2448 λσντες,
553 2385 566 2434 i
593 2406 616 2436 τι
641 2387 674 2435 ἂν
700 2388 806 2445 ἀσθενὲς
832 2386 901 2435 ἴδωσι
926 2391 972 2447 τῆς
1012 2384 1116 2433 fortasse
1127 2385 1275 2446 legendum:
1299 2389 1371 2436 Uxor
1380 2404 1477 2452 quoque
1487 2393 1569 2440 etiam

425 2462 511 2527 ψυχῆς
527 2467 568 2513 καὶ
584 2464 736 2531 ὑπόσαθρον
750 2468 792 2515 καὶ
808 2467 972 2530 εὐεπίβατον,
1012 2467 1117 2523 venibit,
1134 2469 1155 2514 ci
1171 2467 1228 2528 quio
1245 2472 1323 2515 emtor
1335 2469 1436 2516 emerit.
1471 2468 1567 2518 Iuven-

431 2542 514 2606 τούτῳ
538 2545 735 2610 προσβάλλουσι
756 2547 798 2596 καὶ
816 2546 974 2610 προσάγουσι
1012 2549 1052 2591 tus
1064 2550 1147 2592 autem
1158 2545 1226 2593 venit
1237 2545 1378 2608 Penelopae
1394 2549 1502 2597 donanti
1513 2567 1567 2598 ma-

431 2623 479 2678 τὰς
488 2622 622 2687 μηχανάς,
635 2626 675 2673 καὶ
688 2625 760 2684 τέλος
772 2626 971 2689 ἐκπολιορκοῦσι.
1011 2638 1100 2686 onum,
1120 2624 1256 2672 donaturus
1276 2625 1432 2686 pudicitiam:
1456 2629 1567 2689 ἀοιιανε,

460 2701 527 2752 Ocea
548 2710 572 2753 te
592 2711 668 2766 roget.
705 2706 823 2754 Fortasse
845 2704 971 2766 improbus
1012 2703 1086 2760 dore,
1103 2709 1162 2749 nota
1186 2710 1252 2752 sunt.
1285 2705 1374 2753 Horat.
1399 2703 1485 2754 Oarm.
1512 2707 1569 2773 111‚

426 2782 536 2833 Tiresias
547 2783 662 2847 ambigue
672 2783 768 2833 locutus
780 2791 866 2844 eet,et
877 2785 972 2848 turpius
1011 2793 1049 2829 vr.
1066 2781 1106 2832 27.
1142 2781 1192 2830 Cui
1210 2785 1282 2832 donet
1297 2787 1452 2846 torpermioro
1465 2790 1567 2850 raptim

424 2859 519 2925 aliquid
540 2863 665 2926 cogitavit.
699 2865 780 2914 Nemo
802 2864 901 2928 quidem
922 2865 972 2914 Ro-
1010 2863 1113 2922 quodie.
1147 2862 1257 2912 Adulter
1269 2864 1317 2912 ista
1328 2864 1399 2914 emit:
1417 2867 1568 2919 dedecorum

424 2955 513 2990 manus
529 2943 580 2991 illis
598 2944 748 3007 temporibus
764 2943 818 2992 sine
834 2944 886 2991 risu
902 2957 971 3006 prae·
1010 2943 1137 3001 pretiatis
1162 2949 1255 3000 emtor,
1287 2950 1315 2991 ut
1342 2945 1464 2996 Horatius
1494 2948 1566 2999 alibi.

424 3021 579 3079 termisisset,
603 3022 693 3086 quibus
717 3037 771 3070 mos
795 3029 849 3070 erat
873 3021 913 3070 vel
939 3036 972 3069 ex
1012 3019 1086 3068 Tales
1104 3027 1208 3068 emtores
1225 3035 1276 3069 non
1293 3030 1364 3071 erant
1379 3025 1453 3086 proci.

423 3099 520 3159 verbis,
537 3116 600 3165 quae
615 3101 691 3164 longe
707 3102 739 3149 ab
755 3099 918 3149 obscoenitate
930 3100 971 3147 ab
1043 3099 1195 3149 Doderlinus
1211 3104 1321 3166 sequitur
1333 3104 1566 3167 interpretationem

424 3185 495 3237 sunt,
513 3182 666 3230 occasionem
677 3181 773 3229 iocandi
784 3194 878 3242 rapere.
904 3179 972 3229 Vide
1011 3181 1137 3237 reiciendi,
1159 3197 1310 3245 quamquam
1332 3184 1369 3231 illi
1391 3184 1504 3247 displicet
1524 3204 1565 3237 oe·

424 3256 529 3318 Quintil.
545 3259 627 3309 Instit
645 3259 713 3309 Orat.
731 3260 809 3308 VIII.
827 3273 869 3308 111.
886 3259 926 3310 47.
1010 3258 1051 3304 nit
1066 3256 1100 3304 sic
1116 3257 1143 3306 in
1159 3260 1229 3308 initio
1245 3264 1383 3310 sententiae
1398 3265 1522 3326 positum,
1538 3275 1565 3316 et

459 3340 536 3388 Venit
551 3342 618 3389 enim
635 3355 753 3404 magnum
770 3340 881 3388 donandi
889 3354 971 3400 porea
1010 3339 1125 3398 nequiere
1140 3341 1265 3402 postulare
1281 3342 1380 3391 videtur
1396 3353 1510 3394 renuat.

422 3417 547 3470 iuventus.
580 3420 650 3469 Haec
667 3420 742 3470 variis
759 3419 906 3468 coniecturis
918 3426 970 3468 ten·
1045 3418 1117 3475 Quae
1133 3423 1155 3467 εὶ
1171 3424 1245 3471 semei
1261 3438 1311 3471 ano
1338 3426 1379 3472 De
1400 3438 1458 3473 seue
1474 3433 1562 3488 pasto·

424 3502 520 3546 tantur:
538 3502 606 3548 uenit
623 3516 722 3563 πιαριιο,
740 3501 810 3548 venit
825 3500 891 3547 enim
908 3499 970 3561 (md
1010 3498 1048 3544 rit
1069 3503 1149 3546 tecum
1168 3501 1270 3560 partita
1293 3503 1418 3551 locellum.
1454 3504 1563 3564 Melius,

421 3578 531 3640 ροιινιὶ).
556 3577 969 3641 Venit‚cenolicerat,mihipro·
1010 3581 1084 3638 puto,
1112 3576 1236 3639 legeretur
1264 3596 1349 3630 onom.
1397 3581 1456 3630 Non
1484 3598 1563 3635 senex

422 3662 506 3717 pterea
526 3671 576 3704 non
597 3656 690 3720 piacet,
711 3656 769 3720 quia
789 3656 914 3719 Penelope
934 3658 970 3706 sic
1010 3663 1059 3713 est,
1076 3672 1125 3720 quo
1136 3659 1347 3720 perducitur,sed
1359 3662 1486 3712 locellum.
1507 3665 1563 3714 Ln-

422 3749 448 3784 sc
464 3736 518 3798 ipsa
538 3736 688 3792 vendidisse,
710 3737 862 3794 venditasse,
882 3751 969 3798 procos
1011 3736 1102 3784 cellum
1127 3743 1164 3785 est
1189 3741 1291 3788 σονὶιοη.
1325 3739 1353 3789 Si
1378 3742 1455 3789 semel
1481 3758 1563 3794 onom

422 3815 565 3864 sollicitasse
587 3817 718 3866 videretur.
752 3817 878 3866 Bentleins
900 3817 968 3880 lege·
1010 3816 1126 3864 locellum
1143 3817 1260 3879 gustarit,
1294 3824 1324 3867 ut
1353 3820 1421 3869 cauis
1452 3823 1562 3883 corium,

422 3893 475 3941 bat:
502 3897 577 3943 Venit
596 3898 661 3944 euim
685 3895 835 3957 (indignum)
860 3898 971 3946 doocmi
1010 3896 1098 3944 deinde
1115 3896 1216 3945 anullo
1233 3896 1419 3958 absterrebitur,
1436 3907 1464 3949 ut
1481 3917 1563 3966 neque

419 3989 501 4035 paroc
517 3976 640 4023 iocentur.
673 3975 714 4023 Ita
730 3974 839 4023 Tiresias
856 3974 968 4030 dixisset:
1010 3976 1076 4024 canis
1092 3991 1108 4023 a
1123 3976 1196 4024 corio.
1234 3978 1404 4042 Quodcunque
1428 3979 1561 4049 lucellum,

422 4053 539 4101 inventus
563 4054 595 4101 ad
619 4053 762 4116 Penelopen
788 4053 868 4112 venit,
893 4064 930 4114 ct,
955 4072 969 4105 ο
1010 4057 1172 4118 undecunque
1201 4057 1321 4114 arrideat,
1352 4073 1403 4106 ncn
1425 4075 1441 4107 a
1461 4060 1561 4110 senibus

421 4142 475 4181 rem
492 4131 634 4196 indignam,
651 4134 775 4182 nonsatis
793 4134 905 4195 donaria
930 4152 969 4185 ac-
1010 4142 1120 4193 tantum,
1137 4137 1179 4184 sed
1196 4136 1227 4184 ab
1244 4138 1357 4186 omnibus
1374 4138 1450 4188 etiam
1461 4140 1560 4202 potiun-

422 4224 511 4259 cusans
527 4213 702 4275 parcimoniam
719 4214 856 4262 iuventutis
868 4215 969 4265 scilicet.
1009 4215 1035 4262 di
1054 4230 1083 4263 ea
1108 4215 1209 4279 cupidis.
1244 4215 1284 4264 De
1301 4232 1368 4275 sene,
1394 4231 1483 4281 nempe
1500 4219 1561 4279 isto,

422 4290 481 4339 Non
507 4292 581 4340 credo
609 4291 742 4340 Horatium
769 4293 879 4342 Tiresiae
905 4296 970 4344 hanc
1008 4310 1082 4358 quern
1093 4295 1227 4357 descripsit.
1253 4295 1337 4345 Simile
1349 4296 1451 4359 aliquod
1461 4298 1559 4347 lucrum

422 4371 557 4420 oraticnem
586 4370 707 4419 tribuisse.
752 4371 863 4422 Gonieci:
895 4377 970 4424 Venit
1009 4382 1130 4423 memorat
1147 4374 1241 4437 Appul.
1259 4375 1335 4438 Apol.
1353 4390 1377 4437 p.
1394 4377 1452 4426 552.
1490 4379 1560 4427 Olim

422 4453 489 4500 enim
505 4466 623 4514 magnum
639 4453 744 4500 dorraoti
753 4468 834 4516 porco
844 4456 969 4503 iocentur.
1009 4456 1088 4502 soteres
1098 4469 1155 4512 sao,
1172 4470 1240 4503 orcae
1252 4457 1364 4518 ooroicyia
1376 4459 1560 4520 corporevuiyo

422 4528 878 4595 Iuventuscenititti,proodiliam.-
895 4533 968 4584 Ovid.
1010 4539 1093 4582 meret.
1130 4533 1195 4583 Com
1215 4535 1270 4596 ipro
1289 4537 1404 4598 plerique
1426 4538 1456 4584 de
1471 4538 1560 4585 acoris

422 4611 480 4658 Art.
502 4609 538 4659 II.
567 4610 604 4658 ll.
640 4613 698 4661 Non
722 4615 787 4662 cotio
812 4619 850 4662 eet
874 4617 970 4664 ventare
1009 4614 1122 4661 noctibus
1137 4615 1310 4676 paciscuntur.
1345 4617 1418 4664 Hinc
1440 4617 1493 4664 inm
1512 4617 1558 4664 iiio

424 4691 484 4748 tibi,
509 4706 547 4739 me
563 4696 632 4750 vote,
655 4692 774 4751 pueliam.
809 4691 920 4740 Martial.
946 4693 967 4741 Ι.
988 4748 991 4769 ¹
1010 4693 1078 4741 inter
1093 4695 1177 4742 cirum
1193 4699 1217 4741 et
1234 4708 1337 4743 oaorem
1359 4695 1467 4745 collusio,
1506 4695 1558 4753 Qui
