3750 5759
466 693 512 731 XII
1009 710 1050 719 ·-··

461 856 521 912 iam
543 875 571 913 a.
598 870 735 914 Mueocv.
771 857 983 932 compositum,
1017 875 1097 913 nunc
1129 855 1220 913 etiam
1256 858 1375 931 cognitu
1409 858 1600 932 perdignum.

462 961 563 1020 Unum
585 961 763 1036 praesertim
785 962 917 1018 omnium
939 963 1217 1018 laudatissimorum
1240 961 1336 1018 instar
1357 963 1481 1036 reliquit
1496 983 1601 1021 monu-

461 1076 603 1124 mentum.
647 1066 783 1125 Gloriam
814 1067 957 1124 inventae
989 1067 1210 1142 typographiae
1240 1066 1385 1124 Harlemo
1420 1070 1598 1127 vindicavit.

462 1171 538 1231 (lum
559 1171 771 1229 Meermannus
791 1172 895 1235 etalii
916 1173 1025 1229 deinde
1048 1173 1209 1247 populares
1235 1173 1330 1229 nostri
1352 1181 1531 1248 argumenta
1548 1194 1599 1231 ex-

460 1279 596 1334 hausisse
619 1278 795 1335 viderentur
816 1278 929 1349 omnia,
953 1287 984 1334 et
1005 1286 1118 1349 tamen,
1147 1279 1228 1351 quod
1254 1279 1343 1335 unice
1365 1279 1397 1334 in
1418 1287 1483 1335 tota
1505 1297 1598 1351 quae·

460 1385 556 1441 stione
582 1403 687 1440 verum
712 1393 791 1453 erat,
819 1383 994 1440 historicum
1022 1384 1240 1458 neglexissent,
1269 1383 1325 1439 hoc
1354 1383 1405 1439 ille
1428 1384 1600 1441 admirabili

460 1489 616 1563 diligentia
638 1497 668 1544 et
688 1489 800 1545 iudicio
823 1489 865 1545 sic
886 1488 1078 1562 explanavit,
1103 1497 1138 1544 ut
1159 1488 1284 1559 Franci,
1308 1487 1449 1545 Britanni
1471 1498 1501 1546 et
1523 1489 1598 1546 Itali

457 1595 537 1650 hunc
562 1602 721 1668 patronum
747 1610 883 1649 caussam
905 1592 1110 1649 Neerlandiae
1138 1593 1245 1649 vicisse
1266 1593 1417 1664 iudicent,
1452 1595 1489 1651 de
1521 1593 1600 1658 Ges-

458 1717 614 1755 mauorum
635 1698 784 1754 sententia
806 1699 938 1754 nondum
959 1706 1086 1754 constet.
1132 1697 1202 1754 Tali
1230 1707 1423 1755 monumento
1455 1698 1597 1756 Vriesius

459 1822 531 1860 suae
561 1819 680 1875 quoque
707 1801 801 1876 ipsius
831 1802 912 1876 apud
942 1819 1060 1858 omnem
1087 1802 1297 1876 posteritatem
1322 1802 1482 1859 memoriae
1506 1803 1599 1860 semel

460 1907 620 1965 consuluit.
663 1905 795 1980 Stirpem
829 1907 954 1981 insuper
983 1925 1021 1963 ex
1050 1926 1082 1964 se
1109 1916 1211 1964 natam
1238 1907 1374 1980 reliquit,
1410 1907 1599 1978 Gerardum,

463 2014 568 2071 Status
591 2013 779 2082 Senatorem,
802 2021 833 2068 et
853 2011 1031 2084 Matthiam,
1064 2012 1169 2069 literas
1201 2012 1390 2069 Neerlandas
1421 2013 1452 2069 in
1480 2013 1601 2070 Acade-

459 2120 519 2175 mia
549 2118 692 2175 Leidensi
719 2117 926 2193 profitentem,
964 2117 1071 2192 dignos
1096 2117 1220 2174 laudum
1247 2125 1442 2193 paternarum
1469 2118 1601 2175 heredes

459 2233 489 2281 et
511 2223 652 2280 custodes
673 2222 760 2278 filios.

498 2327 561 2384 Iam
587 2330 731 2404 relegens,
760 2347 836 2402 quae
863 2329 905 2385 sic
933 2328 1038 2401 effudi,
1069 2348 1106 2386 ex
1132 2330 1211 2386 dulci
1237 2329 1324 2402 quasi
1353 2330 1466 2386 somnio
1492 2351 1601 2406 exper-

457 2434 563 2508 giscor.
606 2434 832 2492 Blandissimam
860 2434 991 2510 profecto
1018 2435 1078 2491 vim
1104 2454 1168 2492 esse
1194 2434 1337 2510 oportuit,
1371 2454 1428 2508 qua
1454 2454 1499 2492 me
1527 2436 1600 2492 ami-

456 2557 555 2595 corum
576 2539 738 2597 recordatio
764 2541 842 2596 ultra
868 2559 979 2597 morem
1000 2549 1029 2597 et
1049 2543 1167 2599 modum
1187 2543 1410 2616 componendae
1439 2541 1600 2617 praefatio-

458 2645 504 2700 nis
515 2645 726 2719 imprudentem
742 2646 817 2701 adeo
832 2645 1010 2720 provexerit.
1032 2646 1134 2719 Quod,
1151 2647 1288 2704 restituta
1306 2648 1395 2705 semel
1412 2647 1599 2720 valetudine,

458 2751 539 2806 nulla
560 2768 605 2806 me
626 2749 755 2824 corporis
775 2748 929 2808 infirmitas
947 2751 1112 2823 admonuit,
1126 2753 1270 2809 admonet
1288 2752 1462 2825 loquacitas.
1496 2752 1599 2811 Senex

459 2873 531 2911 sum.
573 2855 783 2912 Adulescentes
810 2865 839 2912 et
875 2856 946 2926 viri,
986 2856 1036 2928 qni
1061 2857 1134 2914 haec
1159 2856 1333 2932 inspiciant,
1366 2855 1487 2914 fortasse
1514 2859 1598 2916 taciti

459 2961 688 3036 reprehendent,
710 2980 728 3017 a
750 2960 865 3034 pietatis
886 2969 983 3018 tamen
1006 2962 1199 3035 professione,
1227 2971 1259 3018 ut
1275 2980 1373 3036 spero,
1397 2965 1594 3021 excusabunt.

460 3065 559 3124 Serior
578 3066 696 3139 quidem
718 3075 800 3123 aetas
820 3065 851 3122 in
874 3084 960 3139 quam
982 3075 1096 3141 partem
1117 3078 1275 3143 acceptura
1297 3069 1349 3139 sit,
1373 3088 1430 3125 nou
1454 3088 1572 3126 vereor.

500 3208 698 3280 Hilversumi,
721 3228 741 3266 v
764 3211 920 3267 Decembri
944 3230 1044 3268 mense
1066 3232 1092 3268 a.
1117 3229 1299 3271 nncccexn.
