3750 5759
386 640 427 700 ot
760 630 1149 698 subtantiam.

432 824 484 887 Ira
507 822 573 888 fuit
595 821 761 908 capitalis,
787 827 824 886 ut
843 820 963 886 ultima
987 819 1147 885 divideret
1170 840 1279 901 mors,

432 928 508 992 Non
532 926 633 991 aliam
656 926 697 991 ob
721 948 872 1008 eausam,
897 925 962 989 nisi
987 924 1073 1010 quod
1096 923 1201 988 virtus
1226 923 1260 987 in
1286 928 1423 1007 utroque

431 1033 567 1099 Summa
590 1028 674 1106 iuit3
699 1030 763 1094 duo
788 1029 817 1094 si
840 1027 1004 1094 discordia
1027 1032 1124 1092 vexet
1146 1027 1286 1107 inertes,

429 1137 499 1201 Aut
520 1135 548 1200 si
572 1133 757 1220 disparibus
780 1133 903 1199 bellum
930 1131 1072 1214 ineidat,
1098 1136 1136 1196 ut
1167 1130 1321 1196 Diomedi
1419 1164 1422 1169 ·

428 1239 513 1306 Cum
538 1237 637 1322 Lycio
662 1237 804 1319 Glauco,
828 1236 975 1302 discedat
997 1234 1140 1321 pigrior,
1164 1234 1251 1299 ultro

428 1342 619 1409 Muneribus
643 1341 773 1419 missis3
801 1379 846 1390 —-
870 1341 974 1405 Bruto
997 1344 1145 1426 praetore
1168 1343 1302 1404 tenente

1410 1215 1430 1245 Ο

363 1547 462 1597 -ierret
487 1549 573 1614 Atque
589 1551 636 1598 hoe
652 1550 722 1599 nobis
738 1551 764 1599 in
782 1552 927 1600 haeeaussa
969 1549 1013 1598 vix
1030 1550 1137 1607 tandem,
1157 1563 1224 1599 mors
1241 1564 1297 1598 eam
1314 1548 1445 1598 divideret.
1476 1550 1523 1600 At-

380 1627 478 1678 sufficit.
495 1631 615 1680 Horatius
627 1630 708 1692 Epist.
726 1630 747 1677 Ι.
765 1644 792 1677 11.
807 1630 844 1678 ll.
856 1642 925 1691 prae·
968 1644 1016 1693 que
1034 1629 1080 1678 isto
1096 1628 1148 1677 fere
1168 1631 1243 1678 modo
1265 1629 1342 1693 aeeipi
1358 1638 1464 1692 possunt
1482 1633 1522 1679 ul·

379 1709 524 1770 positionem
541 1709 651 1758 iteravit:
674 1710 768 1757 Nestor
784 1723 927 1772 consponere
969 1711 1059 1758 timum
1073 1710 1243 1771 praesidium,
1255 1711 1376 1758 ultimum
1387 1712 1522 1771 auxilium,

378 1790 437 1837 lites
470 1790 545 1837 Inter
563 1791 670 1838 Peliden
685 1789 796 1850 festinat
817 1793 842 1836 et
859 1789 927 1836 inter
968 1789 1034 1838 ultra
1051 1791 1117 1853 quod
1134 1787 1231 1837 nullum
1253 1788 1320 1837 aliud
1343 1791 1475 1854 reperitur,
1492 1792 1522 1840 de

380 1869 504 1917 Atriden:
521 1867 664 1925 Bentleius,
681 1866 741 1914 haee
756 1874 853 1914 mutare
872 1879 926 1914 roa-
968 1884 1016 1932 quo
1033 1869 1169 1918 Ruhnken.
1183 1870 1214 1916 ad
1227 1868 1293 1918 Vell.
1311 1869 1409 1919 Patere.
1420 1870 1455 1919 Π.
1467 1872 1521 1920 111.

378 1954 444 2006 etus,
469 1946 582 2010 legebat:
611 1949 717 1996 Primus
735 1947 858 2004 Peliden,
886 1944 926 1993 hic
1001 1952 1057 1999 Aut
1074 1953 1098 1999 st
1107 1951 1254 2012 disparibus
1266 1951 1358 1998 bellam
1375 1952 1478 2009 incidit,
1491 1956 1522 1999 ut

377 2028 475 2091 legebat
493 2030 561 2077 Olim
579 2030 694 2077 Hectora
712 2025 872 2073 Priamiden·
898 2023 926 2073 Si
969 2030 1088 2078 Diomedi
1115 2029 1179 2078 Cum
1198 2031 1276 2092 Lycio
1290 2026 1396 2085 Glauco,
1409 2031 1520 2080 discedat

377 2107 471 2171 duplex
494 2106 642 2170 praepositio
667 2110 796 2166 tantopere
818 2101 875 2149 usui
901 2109 926 2150 et
966 2112 1073 2172 pipriar,
1090 2112 1159 2159 ultro
1193 2110 1348 2158 Muneribus
1359 2110 1452 2159 misam
1482 2109 1519 2160 Si·

376 2185 467 2234 rationi
484 2190 642 2248 repugnaret,
658 2183 778 2232 Horatius
795 2197 820 2231 v.
830 2195 851 2229 e.
866 2182 924 2229 scri·
966 2187 1042 2236 lentio
1058 2202 1109 2236 non
1125 2188 1333 2251 praetereundum
1349 2189 1447 2251 putavi,
1455 2191 1519 2253 quod

376 2265 434 2315 bere
450 2265 580 2329 potuisset:
598 2278 659 2326 quos
680 2264 771 2312 bellum
792 2263 925 2310 adeersum
967 2267 1142 2317 animadvertit
1167 2267 1296 2330 Apitzius:
1322 2267 1467 2330 displicebat
1483 2269 1520 2318 illi

376 2347 468 2395 insidit
484 2347 559 2393 inter.
578 2345 691 2392 Hectora
708 2342 924 2391 Priumidenaai·
968 2350 1057 2397 bellum
1074 2349 1173 2405 incidit,
1190 2347 1257 2410 quod
1272 2347 1347 2396 modo
1361 2363 1398 2396 rs.
1413 2349 1442 2398 ll
1456 2355 1519 2398 esset

376 2410 469 2471 mosuin
486 2428 561 2485 atque
576 2423 645 2469 inter
657 2419 781 2469 Achillem
806 2419 854 2468 Ira
864 2421 925 2481 suit
967 2426 1116 2483 adhibitum,
1134 2439 1181 2473 nee
1196 2424 1326 2484 laudabat,
1346 2428 1447 2489 politam
1462 2428 1516 2477 nul·

376 2504 511 2564 capitolin
537 2508 562 2550 et
586 2501 612 2548 in
638 2499 716 2548 altero
740 2499 794 2548 loco
811 2499 868 2559 vel,
896 2505 924 2548 ut
966 2504 1018 2553 lum
1036 2505 1179 2568 exemplum
1196 2504 1319 2552 addidisse
1336 2507 1473 2567 inertibus,
1490 2515 1518 2556 ut

375 2580 502 2630 Bentleius
519 2580 672 2637 emendabat,
683 2578 863 2630 vellicatorem
880 2595 924 2629 seu
966 2584 1060 2632 eddidit
1077 2584 1221 2646 disparibus
1226 2601 1237 2642 ‚-
1263 2582 1408 2633 siGlaueus
1425 2586 1517 2650 pigrior

375 2662 433 2710 lites
449 2660 558 2724 epitheto
574 2660 695 2708 auxisset:
711 2661 810 2722 sapiens
826 2675 924 2722 eampo-
966 2663 1055 2713 dieitur
1081 2663 1216 2719 Diomede,
1246 2661 1396 2713 Diomedem
1421 2680 1517 2730 quoque

373 2755 433 2790 nere
448 2743 506 2790 lites
537 2742 630 2790 Nestor
648 2740 755 2788 Peliden
766 2739 881 2802 festinat
897 2744 923 2788 et
965 2743 1284 2808 masepmmmmaussam
1295 2741 1354 2790 belli
1364 2743 1515 2796 interGlau·

372 2821 442 2870 inter
459 2820 577 2869 Atriden.
612 2819 662 2870 Sed
682 2817 733 2867 ianr
755 2818 922 2869 Ruhnkenius
964 2838 1021 2873 eum
1046 2831 1071 2873 et
1092 2823 1240 2873 Diomedem
1265 2822 1351 2871 omissi
1372 2838 1424 2872 non
1442 2824 1515 2875 fusa

374 2899 406 2947 ad
423 2899 524 2950 Sueten.
542 2898 644 2949 Caesar.
666 2900 706 2949 39.
723 2899 859 2958 iudicabat,
875 2900 922 2948 hoe
963 2904 1105 2968 ignaviam,
1123 2903 1166 2952 sed
1183 2901 1318 2964 hospitium
1329 2903 1462 2964 maiorum,
1472 2920 1514 2955 ne-

373 2994 422 3027 non
439 2979 552 3028 debuisse
569 2979 693 3028 offendere
710 2994 830 3042 magnum
845 2980 920 3027 Bent-
964 2998 1011 3048 que
1029 2974 1168 3034 ‘Glaucum
1196 2980 1293 3029 dedisse
1322 2996 1442 3041 munera,
1472 2985 1513 3033 sed

372 3057 459 3116 letum,
476 3066 500 3106 et
521 3058 637 3106 laudabat
659 3058 787 3107 Drakenb.
810 3059 841 3106 ad
862 3059 920 3108 Liv.
963 3053 1115 3127 permutasse
1132 3074 1216 3116 arma,
1235 3059 1305 3108 euius
1326 3062 1513 3123 permutationis

373 3137 506 3186 XXVIII.
536 3137 560 3186 8.
584 3137 737 3201 Exemplum
762 3138 920 3198 Hebraismi,
963 3149 1088 3191 auctorem
1106 3141 1181 3189 fuisse
1197 3139 1354 3199 Diomedem,
1367 3156 1423 3191 non
1440 3142 1511 3194 Glau·

372 3216 462 3266 Iatine
478 3218 602 3277 eonversi,
618 3219 700 3281 magis
717 3218 765 3267 hue
781 3218 919 3282 pertinens,
962 3236 1033 3278 oum,
1054 3221 1202 3270 Diomedem
1224 3234 1298 3268 omne
1319 3227 1446 3270 certamen
1466 3223 1511 3271 dis·

372 3305 409 3345 est
432 3298 459 3346 in
484 3297 576 3347 Genesi
601 3297 652 3346 111.
672 3298 709 3347 18.
726 3299 824 3363 ἔχθραν
847 3298 919 3358 θήσω
961 3300 1079 3348 suasisse:
1101 3298 1235 3348 Horatium
1255 3299 1317 3348 talia
1338 3309 1425 3350 eontra
1446 3316 1510 3351 men·

372 3377 423 3426 dud
447 3376 527 3441 μέσον
551 3381 597 3427 σοῦ
623 3381 665 3429 rai
691 3378 743 3428 ἀνὰ
767 3378 846 3443 μέσον
872 3383 919 3439 τῆς
961 3387 1012 3428 tem
1045 3378 1149 3427 Homeri
1174 3376 1280 3427 scribere
1310 3394 1361 3428 non
1395 3381 1509 3444 potuisse.

371 3457 498 3520 γυναικός.
534 3458 673 3520 Interpres‚
694 3472 787 3519 ponam
808 3459 876 3505 inter
894 3463 918 3505 te
961 3461 1031 3509 Haec
1046 3458 1098 3507 iere
1114 3458 1238 3520 Apitzius,
1255 3458 1312 3521 qui,
1328 3460 1411 3509 eiectis
1422 3463 1509 3510 bellum

370 3545 395 3586 et
417 3538 553 3586 nrulierens.
578 3536 683 3587 Secutus
700 3544 750 3595 est,
766 3538 851 3595 eredo,
868 3537 918 3584 usi·
959 3537 1096 3588 ineidatut
1108 3538 1225 3586 Diomedi
1248 3537 1313 3586 Cum
1326 3539 1404 3602 Lycio
1415 3541 1509 3591 Glauea

370 3624 447 3665 tetam
463 3616 540 3679 vulgo
549 3616 666 3674 formam,
679 3616 798 3678 ignorans
815 3616 857 3664 vel
867 3631 918 3665 non
959 3618 1033 3682 legit:
1051 3623 1098 3667 aut
1115 3617 1138 3665 si
1154 3618 1299 3679 disparibus
1316 3619 1360 3677 lis,
1378 3621 1451 3669 cedat
1472 3622 1509 3684 pi·

369 3697 519 3754 reeordatus,
536 3695 639 3744 alteram
657 3699 726 3743 inter
742 3699 767 3742 et
778 3696 847 3742 inter
859 3710 918 3758 quo·
960 3700 1029 3761 prior
1047 3699 1116 3745 ultro
1150 3697 1305 3746 Muneribus
1323 3699 1414 3748 missis.

370 3791 417 3839 que
442 3777 561 3824 Latinam
585 3788 647 3822 esse.
680 3773 735 3820 Iam
758 3772 918 3823 Heindorfins
993 3779 1110 3827 Fortasse
1125 3775 1193 3824 loeus
1210 3775 1322 3839 pluribus
1334 3778 1506 3829 additamentis

370 3868 443 3902 usum
467 3854 564 3917 repetiti
581 3858 649 3902 inter
665 3854 700 3901 aie
716 3852 864 3916 illustravit,
890 3863 918 3904 ut
960 3865 997 3906 est
1005 3858 1156 3921 inquinatus.
1173 3855 1335 3905 Parenthesis
1346 3858 1447 3921 quidem
1457 3859 1507 3909 lon·

369 3933 432 3981 nihil
448 3934 506 3981 addi
522 3933 606 3995 possit.
960 3938 1024 4000 gior,
1040 3952 1069 3986 eo
1085 3944 1183 3985 tantum
1200 3936 1300 3985 oonsilio
1317 3937 1392 3986 dueta
1403 3939 1505 3995 videtur,

402 4016 451 4062 Ira
461 4013 521 4076 suit
538 4013 671 4074 capitalis,
693 4019 722 4061 ut
743 4014 835 4062 ultima
852 4016 915 4064 diei·
959 4032 998 4075 ne,
1015 4018 1080 4082 quod
1097 4024 1161 4065 esset
1178 4022 1323 4064 narraturus
1335 4019 1416 4080 poeta,
1433 4019 1506 4068 nimia

369 4095 437 4142 deret
449 4107 523 4141 mus.
557 4091 635 4154 Saepe
652 4094 916 4157 ultimuasupremur,
959 4098 1079 4146 brevitate
1095 4096 1226 4145 laboraret.
1243 4094 1329 4159 Atque
1344 4095 1408 4146 illud
1425 4099 1455 4147 de
1470 4100 1506 4147 in·

368 4181 507 4231 extremus,
525 4172 623 4220 additur
640 4174 843 4235 mortiferum,
859 4174 916 4223 vide
958 4179 1053 4226 atibus
1070 4183 1113 4224 aut
1129 4177 1275 4237 disparibus
1293 4181 1346 4224 tam
1365 4191 1455 4239 parum
1470 4192 1505 4228 re·

369 4254 482 4304 Oudend.
508 4252 540 4299 ad
565 4250 660 4314 Appul.
685 4252 787 4300 Metam.
812 4268 835 4316 p.
858 4255 914 4304 448.
958 4257 1072 4321 quiritur,
1089 4261 1118 4303 ut
1134 4254 1215 4318 potius
1229 4267 1312 4302 carere
1327 4255 1425 4305 melles.
1443 4255 1506 4306 Con·

369 4334 439 4382 varia
459 4341 545 4381 tamen
570 4331 762 4394 significatione,
788 4333 914 4383 interdum
957 4335 1047 4384 trarius
1069 4347 1168 4398 pugnae
1193 4341 1297 4382 eventus
1323 4334 1389 4384 inter
1416 4336 1506 4386 inertes

368 4413 439 4478 quasi
465 4413 491 4460 in
525 4411 669 4459 adverbium
698 4412 860 4473 resolvenda,
886 4422 914 4462 ut
957 4421 981 4464 et
997 4417 1112 4478 dispares
1128 4413 1186 4461 satis
1208 4413 1260 4476 ipse
1281 4427 1314 4462 ex
1335 4429 1435 4463 summa
1458 4415 1505 4463 vir-

363 4493 451 4542 *BentL
468 4493 499 4540 ad
515 4492 604 4540 Horat.
621 4491 700 4555 Epist.
710 4493 746 4541 11.
755 4507 784 4540 11.
796 4494 850 4546 173.
862 4509 913 4542 mo·
956 4499 1009 4543 tute
1026 4499 1051 4542 et
1067 4492 1106 4541 ira
1121 4491 1232 4555 capitali,
1249 4507 1300 4541 non
1317 4493 1366 4542 nisi
1382 4499 1461 4543 morte
1472 4493 1504 4542 sl·

368 4574 429 4632 nuit,
446 4571 537 4635 optime
548 4572 573 4621 h.
584 4572 602 4621 l.
614 4572 791 4635 interpretans:
808 4573 914 4637 irasuit
957 4574 1032 4622 terius
1049 4573 1130 4621 utrius
1147 4572 1264 4631 finienda,
1277 4573 1303 4620 in
1316 4571 1431 4636 exemplo
1442 4573 1504 4623 Hee-

366 4654 496 4715 eapitulis,
513 4660 564 4700 tam
581 4651 744 4714 inplaeabilis,
766 4655 913 4711 multisne,
957 4654 1016 4702 toris
1042 4661 1066 4701 et
1094 4652 1200 4702 Achillis
1229 4659 1338 4715 apparet.
1372 4652 1503 4713 Horatius,
