3750 5759
448 695 508 757 134
837 690 1185 756 SATIRARUM

851 922 1066 986 SATIRA
1106 920 1161 984 lV.

535 1073 665 1171 „Unde
688 1093 721 1153 et
743 1110 806 1173 quo
831 1087 988 1153 Catius?“
1023 1087 1121 1170 „Non
1144 1092 1194 1150 est
1216 1085 1299 1149 mihi
1315 1090 1444 1168 tempus
1461 1081 1573 1148 aventi

490 1192 613 1256 Ponere
636 1191 732 1277 signa
753 1191 846 1257 novis
869 1191 1069 1276 praeceptis,
1093 1189 1203 1275 qualia
1225 1189 1361 1254 vincant

490 1295 697 1379 Pythagoran
721 1295 889 1380 Anytique
912 1316 1002 1359 reum
1027 1295 1223 1378 doctumque
1246 1293 1421 1357 Platona“

490 1399 688 1482 „Peccatum
711 1398 829 1481 fateor,
855 1419 957 1483 quum
980 1403 1013 1462 te
1036 1396 1082 1462 sic
1105 1401 1250 1481 tempore
1272 1395 1364 1460 laevo

488 1502 742 1587 Interpellarim:
768 1503 826 1567 sed
848 1503 904 1567 des
927 1501 1058 1566 veniam
1081 1501 1201 1583 bonus,
1226 1520 1290 1564 oro,

489 1605 612 1684 Quodsi
637 1605 838 1672 interciderit
860 1606 922 1671 tibi
946 1627 1032 1671 nuno
1055 1604 1197 1690 aliquid,
1221 1608 1345 1689 repetes
1369 1624 1465 1684 mox,

490 1708 565 1774 Sive
588 1715 638 1775 est
660 1713 795 1775 naturae
817 1709 877 1774 hoc
901 1708 970 1774 sive
992 1708 1090 1791 artis,
1114 1707 1217 1772 mirus
1241 1708 1412 1791 utroque.“

490 1812 601 1895 „Quin
624 1813 659 1877 id
679 1819 748 1879 erat
770 1835 882 1895 curae,
907 1835 970 1899 quo
993 1819 1088 1898 pacto
1112 1818 1229 1878 cuncta
1251 1816 1413 1891 tenerem,

487 1916 610 2002 Utpote
632 1939 683 1982 res
707 1922 836 2001 tenues,
861 1917 953 1982 tenui
976 1938 1124 1981 sermone
1146 1918 1326 2002 peractas.“

490 2021 584 2103 „Ede
607 2021 750 2087 hominis
775 2042 907 2099 nomen3
933 2020 1030 2086 simul
1057 2024 1107 2103 et,
1132 2021 1299 2084 Romanus
1323 2041 1365 2083 an
1388 2020 1541 2104 hospes.“

488 2125 589 2210 „Ipsa
610 2147 734 2190 memor
754 2131 926 2211 praecepta
949 2147 1079 2207 canam,
1104 2124 1262 2190 celabitur
1284 2128 1405 2189 auctor.

491 2228 604 2314 Longa
627 2229 744 2314 quibus
768 2229 867 2295 facies
891 2229 961 2294 ovis
985 2229 1062 2311 erit,
1088 2228 1148 2293 illa
1170 2232 1352 2309 memeut0,

489 2330 537 2396 Ut
559 2332 647 2396 succi
670 2333 813 2398 melioris
838 2340 871 2398 et
893 2340 932 2397 ut
954 2332 1060 2417 magis
1084 2332 1171 2396 alma
1192 2329 1361 2413 rotundis,

490 2435 631 2500 Ponere:
656 2458 795 2522 namque
819 2458 942 2502 marem
966 2436 1119 2501 cohibent
1141 2436 1262 2501 callosa
1284 2434 1444 2499 vitellum.

490 2539 590 2605 Caulo
613 2541 797 2606 suburbano
821 2541 877 2627 qui
900 2541 994 2606 siccis
1019 2540 1120 2606 crevit
1142 2540 1178 2604 in
1202 2539 1289 2626 agris

490 2644 641 2709 Dulcior:
665 2645 787 2730 irriguo
810 2645 894 2710 nihil
918 2651 969 2710 est
992 2645 1112 2710 elutius
1128 2644 1232 2709 horto.

491 2748 526 2814 si
549 2749 753 2835 vespertinus
776 2749 884 2815 subito
904 2754 937 2814 te
962 2748 1158 2834 oppresserit
1177 2749 1313 2834 hospes,

490 2852 540 2917 Ne
563 2853 687 2938 gallina
705 2854 831 2919 malum
854 2860 1024 2938 responset
1040 2854 1121 2918 dura
1142 2852 1270 2938 palate,

618 3013 755 3063 SATIRA
771 3014 820 3062 IV·
1031 2994 1165 3044 mentator,
1191 2986 1233 3035 elii
1251 2989 1378 3051 responset
1407 2983 1504 3031 naulum
1532 2996 1581 3044 pro

1029 3081 1134 3127 poenam
1166 3071 1303 3129 responset,
1335 3062 1378 3110 alii
1411 3067 1500 3124 putant
1524 3075 1581 3111 esse

480 3108 516 3191 I
511 3144 597 3204 reique
604 3144 668 3192 nibil
677 3150 713 3192 est
721 3146 813 3193 elutius
822 3146 900 3192 horto.
917 3142 991 3192 Com·
1032 3147 1137 3193 malum!
1157 3145 1350 3194 interiectionem
1363 3141 1499 3200 irascentis,
1511 3141 1580 3190 Doe-

448 3228 582 3271 mentator:
601 3220 703 3279 „Cauiis
720 3223 815 3271 dulcior
831 3229 868 3271 est
884 3223 991 3286 quinas·
1030 3224 1127 3286 ringius
1144 3225 1240 3273 coniicit
1254 3238 1347 3287 purum
1359 3227 1497 3284 responset.
1528 3221 1580 3272 Sed

448 3303 512 3351 citur
534 3302 560 3349 in
588 3301 732 3349 aridioribus
756 3302 828 3351 locis:
851 3303 992 3352 suburbana
1031 3304 1077 3352 hoc
1087 3301 1408 3366 contrariumsignificaret,
1422 3316 1499 3364 quam
1512 3303 1581 3364 quod

451 3389 535 3430 eutem
556 3382 610 3430 loca
630 3383 691 3431 rivis
707 3383 838 3432 abundant.
874 3387 992 3444 Etuttus,
1030 3381 1580 3447 sententiapostulat.Purumresponeotille,

448 3461 588 3524 insipidius,
605 3462 760 3522 dissolutius
776 3464 901 3528 liquidius,
917 3481 992 3528 aqua-
1031 3463 1140 3527 quinon
1157 3463 1217 3511 satis
1234 3462 1333 3512 resistit.
1364 3460 1475 3510 Gronov.
1492 3461 1581 3510 Plauti

449 3542 510 3598 tius,
527 3541 609 3588 minus
622 3542 747 3604 sapidum,
764 3552 789 3590 et
800 3543 861 3591 fatui
872 3547 992 3608 saporis.“
1031 3541 1185 3590 Menaechm.
1196 3541 1245 3590 IV.
1262 3556 1291 3590 11.
1306 3542 1347 3592 57.
1365 3539 1391 3587 in
1407 3540 1476 3589 Leot.
1494 3541 1580 3591 Plaut

450 3621 531 3668 Acro:
558 3623 695 3679 „Etutiuse
717 3622 852 3679 Limetius,
874 3625 890 3672 i.
907 3639 928 3673 e.
947 3627 991 3673 mi·
1031 3621 1217 3684 interpretatur:
1241 3622 1368 3683 Numquis
1388 3635 1520 3670 ceruorum
1537 3624 1580 3672 de·

448 3713 496 3747 nus
518 3700 656 3762 sapidum.“
687 3702 756 3750 Acro
779 3704 815 3750 sic
836 3706 928 3753 elutius
949 3721 992 3768 per
1031 3700 1126 3762 liquit?
1161 3702 1231 3747 Num
1247 3699 1367 3757 arundine,
1384 3705 1431 3747 ant
1447 3703 1515 3750 servi
1530 3703 1581 3751 nbi

449 3781 565 3828 ttnrattus
582 3780 736 3842 interpretari
753 3796 802 3829 non
818 3783 903 3844 potuit.
931 3783 990 3831 Plu·
1031 3778 1212 3843 Responsum?
1232 3777 1344 3826 ferociter
1366 3785 1391 3826 et
1412 3778 1580 3828 irreverenter

450 3857 530 3915 ribus,
546 3859 631 3915 credo,
654 3860 825 3922 interpretatus
842 3867 891 3918 est,
914 3869 942 3909 ut
958 3862 991 3910 fe·
1032 3859 1192 3921 respondent,
1209 3856 1382 3920 obloquuntur.
1416 3857 1473 3906 Hoc
1490 3859 1579 3908 confir·

451 3937 484 3984 cit
500 3936 697 3997 commentator,
716 3940 759 3987 sed
771 3942 885 3988 limatius
895 3946 992 3989 tantum
1032 3944 1083 3985 mat
1099 3937 1177 3984 tribus
1193 3937 1292 3985 Horatii
1308 3936 1435 3999 exemplis.
1460 3937 1534 3998 Quod
1544 3953 1579 3987 ex

449 4016 613 4080 reliquerunt,
631 4017 673 4080 qui
691 4017 791 4067 Scholia
807 4019 872 4067 illius
890 4020 916 4067 in
927 4035 991 4069 com·
1032 4016 1117 4065 Plauti
1138 4015 1240 4064 Trucul.
1258 4016 1293 4064 Π.
1316 4030 1363 4064 v11.
1388 4017 1433 4074 43,
1456 4019 1580 4068 irtuocine

449 4098 567 4159 pendium
583 4097 711 4160 redegere,
729 4099 809 4160 ipsum
826 4106 908 4148 entem
922 4115 991 4148 voca-
1032 4099 1094 4144 inibi
1110 4096 1263 4159 respondes?
1279 4096 1390 4143 huonon
1401 4098 1516 4159 pertinet,
1527 4113 1577 4147 non

447 4176 535 4225 bulum
552 4177 689 4239 occepimus
706 4186 860 4242 corruptum,
880 4193 913 4227 ex
930 4182 991 4243 tym—
1032 4176 1125 4238 magis,
1143 4191 1218 4238 quam
1234 4177 1299 4239 quod
1316 4177 1383 4238 prius
1397 4177 1544 4227 Plautinum
1561 4194 1577 4226 a

444 4259 564 4319 photius,
586 4258 651 4305 unde
671 4257 765 4306 librarii
786 4259 894 4321 primum
913 4257 991 4309 fecere
1032 4255 1156 4303 nonnullis
1174 4254 1255 4303 Simile
1271 4256 1392 4304 iudicatur
1408 4257 1515 4320 simplici
1526 4274 1576 4307 res·

447 4337 609 4399 limphatici,
630 4338 718 4386 deinde
733 4337 871 4402 limfaticis,
890 4341 989 4389 tandem
1028 4338 1144 4396 pondere.
1166 4336 1259 4383 Forma
1276 4335 1460 4399 frequentativa
1476 4353 1575 4402 respon-

448 4418 568 4466 limatius.
602 4416 639 4468 Ut
655 4418 685 4466 ab
698 4424 807 4481 aquam
822 4419 852 4467 fit
862 4421 990 4483 aquatius,
1030 4417 1104 4464 randi
1119 4416 1172 4478 ipsa
1189 4416 1343 4464 voluntatem
1361 4424 1385 4465 et
1402 4426 1519 4468 conatum
1538 4432 1574 4466 re·

447 4495 482 4543 ite
498 4511 513 4543 e
530 4499 676 4560 lymphatus
692 4497 721 4545 iit
737 4500 901 4561 lynrpbatiue.
1008 4462 1011 4546 l
1031 4496 1157 4557 pugnandi
1174 4496 1266 4554 verbis,
1284 4503 1320 4556 et,
1333 4496 1353 4544 si
1368 4512 1429 4560 opus
1441 4498 1483 4555 sit,
1497 4497 1575 4554 factm,

481 4578 520 4624 Ne
542 4578 639 4637 patrino
663 4580 757 4625 matum
777 4584 904 4639 responset
924 4581 991 4627 dura
1009 4550 1011 4627 l
1030 4574 1133 4623 indicat:
1151 4591 1300 4637 responsant
1316 4578 1351 4624 ita
1366 4583 1491 4641 repugnat
1502 4577 1573 4625 alicui

446 4655 541 4714 palato.
559 4653 755 4704 commentator:
769 4657 989 4713 ,‚Molum‚male.“
1009 4640 1011 4701 l
1031 4654 1123 4719 aliquid
1147 4657 1290 4719 imperanti,
1312 4664 1339 4704 ut
1364 4657 1428 4705 servi
1456 4658 1528 4714 hero,
1548 4665 1573 4704 et

447 4731 604 4782 Recentiores
629 4735 762 4796 accipiunt,
788 4735 843 4792 alii,
866 4744 894 4783 ut
916 4734 988 4786 Com·
1009 4760 1011 4780 τ
1030 4736 1117 4785 milites
1135 4737 1202 4796 duci,
1220 4737 1317 4799 quando
1334 4738 1400 4786 iussa
1416 4737 1482 4786 illius
1500 4737 1572 4786 inter-
