3750 5759
812 684 994 749 LIBER
1040 685 1082 749 ΙΙ.

1452 690 1515 753 163

423 871 532 935 Pauca
556 871 765 936 reformid0.“
792 872 1014 954 ‚,Davusne?“
1063 872 1158 954 „lua
1185 873 1315 954 Davus,
1348 874 1491 937 amioum

420 971 624 1058 Manoipium
649 974 800 1057 domino,
824 982 857 1039 et
883 974 972 1059 frugi
999 974 1085 1059 quod
1109 975 1153 1039 sit
1176 975 1274 1057 satie,
1299 975 1358 1039 hoo
1383 983 1451 1057 ost,

420 1074 469 1140 Ut
491 1076 592 1140 vitale
621 1082 752 1161 putes.“
802 1078 916 1162 „Age,
942 1078 1093 1142 libertate
1114 1077 1303 1160 Decembri,

421 1177 557 1257 Quando
580 1179 628 1244 ita
651 1180 790 1245 maiores
812 1181 1007 1261 voluerunt,
1032 1185 1143 1258 utere3
1173 1185 1301 1246 narra“

371 1355 516 1414 concedere,
533 1358 600 1419 quod
616 1371 669 1404 mos
686 1358 808 1405 maiorum
820 1361 934 1405 conces-‘

371 1441 445 1482 serat.
464 1433 548 1495 Quare
565 1435 684 1484 Horatius
701 1435 728 1483 in
744 1450 819 1484 versu
833 1436 920 1499 quinto

373 1528 424 1561 non
445 1513 505 1562 facit
527 1515 601 1563 Davo
626 1515 769 1563 facultatem
790 1515 920 1578 loquendi,

371 1593 415 1640 sed
432 1593 530 1651 incitat,
552 1600 581 1640 ut
597 1608 642 1642 suo
659 1595 713 1643 iure
730 1601 826 1642 utatur:
844 1608 920 1657 „aga

372 1685 448 1719 narra
464 1672 486 1719 si
502 1671 561 1734 quid
578 1671 678 1722 habes.“

405 1748 520 1799 Conieci:
538 1753 710 1800 Iamdudum
728 1755 857 1810 siracono,
878 1768 919 1801 eu·

371 1831 443 1890 piens
460 1832 522 1878 milti
538 1832 618 1880 dicere
633 1847 734 1880 seruum
760 1835 859 1881 Pauca.
876 1833 920 1881 Ad

372 1909 433 1958 haec
461 1909 564 1958 Davus:
594 1912 749 1974 Reformirlo.
787 1913 871 1961 Herus
896 1922 921 1962 et

372 1990 438 2037 servi
466 1997 524 2038 sunt
549 1991 575 2038 in
601 1991 687 2039 eodem
709 1991 829 2040 conclavi.
863 1994 921 2042 Una

371 2076 483 2118 coenant.
501 2069 591 2118 Altum
608 2070 687 2117 adhuc
706 2069 839 2120 silentium.
867 2073 918 2121 Nc·

372 2162 413 2195 mo
439 2164 553 2212 rumpere
578 2150 659 2199 audet.
701 2151 830 2199 Noverunt
854 2151 919 2198 servi

370 2241 447 2290 quam
466 2228 604 2277 libertatem
629 2228 760 2287 haberent,
786 2231 829 2278 sed
845 2243 919 2278 nove·

371 2316 429 2357 rant
445 2323 543 2372 quoque
556 2323 585 2356 ea
601 2323 675 2371 quam
692 2308 772 2356 brevis
790 2316 862 2366 esset,
882 2318 918 2367 et,

371 2387 391 2434 si
408 2388 475 2435 male
493 2394 637 2441 uterentur,
659 2394 752 2449 quanto
768 2397 854 2450 postea
870 2395 918 2436 sta·

371 2473 416 2516 ret.
438 2467 472 2514 Et
487 2474 572 2514 tamen
589 2480 642 2513 mos
660 2466 782 2513 maiorum
799 2481 850 2515 non
864 2476 918 2516 erat

370 2544 542 2608 negligendus.
581 2546 639 2606 Ipse
664 2546 786 2594 Horatius
810 2545 918 2605 nolebat.

370 2625 441 2685 Ergo
458 2625 509 2687 ipse
526 2625 620 2687 rumpit
637 2624 779 2672 silentium:
798 2627 857 2672 Iam
872 2627 917 2672 du·

369 2706 430 2751 dum
455 2707 581 2764 ausculto,
604 2711 732 2765 exspecto,
753 2702 775 2749 si
791 2703 845 2765 quis
863 2716 917 2750 ves·

369 2790 438 2830 trum
455 2798 533 2846 pauca
552 2783 663 2832 dicturus
679 2783 720 2830 sit.
754 2781 849 2838 Multa,
867 2796 916 2830 non

369 2877 431 2925 opus
448 2871 498 2920 est,
515 2877 595 2927 neque
612 2877 676 2911 amo.
694 2862 762 2911 Tum
778 2876 865 2910 servus
874 2861 916 2909 ali·

369 2943 439 3006 quis:
459 2944 614 3006 Reformido.
641 2941 778 2990 Horatius:
795 2940 916 2988 Davusne

961 1356 1064 1418 garrula
1080 1363 1104 1404 et
1121 1357 1249 1406 ambitiosa
1270 1356 1382 1407 oratione
1399 1366 1450 1407 tam
1467 1374 1509 1407 au·

961 1436 1045 1484 dacter
1070 1437 1196 1485 laudaret:
1226 1439 1381 1499 atanotptum
1409 1439 1507 1486 donrino

960 1520 1069 1565 ansteum
1092 1516 1194 1564 omnino
1220 1516 1367 1566 sufficiebat:
1393 1531 1420 1566 sc
1436 1517 1513 1581 fraqi

960 1612 1027 1653 esse,
1055 1604 1080 1645 et
1101 1598 1217 1660 insuper,
1242 1612 1292 1646 non
1315 1597 1511 1659 interrogatum,

960 1676 1062 1735 addere,
1085 1684 1211 1739 quotenus
1237 1685 1322 1726 tamen
1349 1677 1416 1740 frugi
1433 1684 1510 1738 essct,

960 1756 1095 1804 sententiae
1112 1757 1186 1804 totius
1204 1757 1299 1804 exordii
1316 1756 1343 1802 in
1365 1756 1411 1804 hac
1429 1756 1510 1805 Satira

960 1834 1042 1882 minus
1072 1841 1159 1899 aptum
1188 1835 1294 1883 videtur.
1333 1835 1388 1882 Iam
1414 1835 1508 1885 dudum

960 1913 1085 1971 ausculto,
1104 1915 1138 1962 ait
1154 1915 1233 1977 polita.
1253 1912 1320 1962 Novi
1334 1928 1429 1962 morem
1441 1915 1506 1963 festi.

960 1992 1068 2041 Servum
1093 1993 1187 2056 aliquid
1209 1993 1269 2042 mihi
1297 1994 1377 2042 dicere
1402 2001 1505 2057 oportet.

959 2073 1042 2133 Dicat,
1059 2073 1102 2137 qui
1119 2073 1186 2122 velit.
1218 2072 1268 2123 Sed
1284 2072 1400 2123 breviter.
1426 2075 1506 2123 Hora-

960 2152 1008 2200 tius
1021 2153 1072 2200 iam
1083 2153 1167 2201 statim
1179 2151 1267 2201 similis
1280 2160 1318 2201 est
1328 2153 1505 2210 stomachanti,

960 2238 984 2279 et
1006 2231 1084 2279 invito
1110 2231 1250 2280 libertatem
1275 2231 1438 2280 Decembrem
1463 2248 1505 2296 pa-

959 2311 1037 2359 tienti.
1072 2311 1122 2361 Sed
1139 2312 1198 2374 quid
1215 2311 1325 2360 faceret?
1347 2312 1456 2360 Maiores
1474 2313 1509 2360 ita

961 2382 1099 2440 voluerairt.
1133 2390 1263 2439 Maluisset
1288 2406 1372 2440 servos
1395 2392 1509 2448 tacuisse,

959 2469 1029 2531 quasi
1054 2469 1117 2517 nihil
1143 2469 1170 2516 in
1191 2469 1252 2517 hero
1279 2470 1508 2532 reprehendendum

959 2546 1105 2596 invenirent.
1139 2547 1193 2595 Iam
1212 2548 1239 2594 ln
1255 2562 1292 2597 vs.
1315 2549 1355 2597 21.
1372 2549 1436 2597 iram
1452 2563 1509 2597 con·

959 2625 1038 2673 tinere
1053 2639 1102 2673 non
1120 2631 1212 2687 potest:
1234 2626 1360 2684 Quorsum
1378 2629 1437 2677 hoec
1455 2634 1508 2676 ten·

959 2705 1032 2762 dont,
1043 2703 1179 2765 fororffer?
1204 2705 1344 2752 Exordium
1361 2712 1398 2753 est
1415 2706 1506 2770 abrupa

959 2788 1012 2828 tum
1040 2789 1065 2830 et
1090 2781 1228 2831 comicum.
1254 2783 1371 2832 Fortasse
1395 2785 1506 2848 scripsit:

958 2861 990 2909 D.
1009 2862 1063 2910 Ito.
1079 2862 1181 2911 Davus:
1204 2863 1312 2910 anticum
1345 2865 1507 2926 Moncipr'um

958 2941 1062 2988 doruino.
1096 2941 1131 2990 Η.
1149 2947 1173 2989 et
1184 2941 1262 3004 fraqi
1279 2945 1390 3005 quoque?
1412 2942 1446 2991 D.
1465 2945 1509 2994 ste

369 3037 409 3082 es,
434 3024 476 3086 qni
504 3021 629 3085 loqueris?
655 3020 715 3069 Ille:
741 3020 783 3067 ita.
826 3019 915 3067 Davus
955 3019 1035 3066 soth:
1054 3021 1097 3069 hoo
1116 3025 1166 3079 est,
1189 3022 1226 3068 Ut
1236 3022 1314 3070 uitale
1324 3027 1407 3084 putea.
1433 3024 1506 3072 Ami·

368 3117 432 3151 sum.
468 3104 604 3157 Ausculto,
621 3107 649 3148 ut
665 3100 749 3148 Plaut.
767 3099 881 3148 Trinum.
893 3099 914 3148 1.

957 3110 1013 3144 cum
1030 3103 1055 3146 te
1072 3099 1173 3147 domino
1195 3098 1263 3147 dicis.
1289 3099 1334 3148 An
1359 3098 1426 3163 frugi
1447 3106 1507 3165 quo·

368 3194 396 3228 11.
417 3182 470 3231 lll.
498 3181 632 3237 Ausculto,
657 3182 681 3227 si
706 3180 767 3240 quid
788 3180 871 3236 ulmus,
890 3183 916 3225 et
957 3191 1004 3239 que
1032 3192 1071 3239 es,
1101 3185 1129 3227 ut
1156 3179 1271 3228 dominus
1293 3179 1339 3228 tibi
1359 3180 1437 3243 possit
1453 3195 1507 3231 esse

368 3273 405 3306 vs.
423 3261 464 3308 61.
482 3265 603 3322 exsperto,
621 3260 643 3305 si
660 3259 723 3321 quid
739 3259 816 3306 dicos.
844 3257 916 3304 Mihi
958 3256 1070 3305 amicus?
1095 3256 1130 3304 sic
1147 3260 1206 3307 satis
1224 3258 1290 3321 frugi
1313 3272 1382 3316 sum,
1404 3260 1442 3307 ait*
1454 3259 1506 3308 Da·

367 3341 460 3396 dicere,
477 3339 528 3389 fere
545 3344 582 3387 est
599 3341 628 3385 in
645 3353 692 3385 me.
725 3335 827 3385 Sueton.
850 3335 914 3384 Ves·
957 3349 1017 3393 vus,
1035 3349 1085 3383 non
1102 3335 1260 3398 ultraquam
1282 3336 1342 3384 satis
1359 3342 1408 3393 est,
1425 3350 1506 3400 noque

367 3433 419 3481 pas.
431 3420 472 3468 20.
489 3419 528 3468 De
535 3434 584 3480 quo
594 3416 677 3478 (vultu
685 3414 837 3477 Vespasiani
844 3414 915 3477 quasi
956 3419 984 3461 ut
1006 3419 1063 3462 ante
1085 3414 1151 3462 diem
1178 3413 1209 3462 ob
1231 3413 1335 3462 nimiam
1356 3414 1504 3477 probitatem

367 3495 479 3559 nitentis)
493 3499 597 3560 quidam
614 3498 769 3543 urbanorum
781 3508 830 3541 uon
846 3493 914 3554 insa·
955 3496 1090 3543 moriturus
1107 3497 1166 3543 sim:
1188 3495 1345 3544 mediocriter
1361 3501 1459 3554 tamem
1476 3505 1504 3545 nt

366 3581 428 3624 oete:
453 3580 477 3625 sl
500 3578 598 3639 quidm
620 3575 729 3637 petenti,
754 3573 915 3621 uterinae
956 3581 1084 3623 contentus
1110 3587 1175 3623 essse
1200 3573 1287 3638 possis.
1323 3573 1444 3622 Formula
1469 3576 1506 3624 sio

367 3656 467 3717 aliquid
479 3658 585 3704 damet:
599 3642 804 3715 dicamsinqnit,
821 3653 844 3699 si
856 3667 913 3700 ren·
955 3658 1019 3704 sotis
1044 3661 1103 3703 nota
1130 3668 1162 3702 ex
1190 3653 1307 3702 Terentio
1332 3654 1424 3703 Heaut.
1452 3653 1504 3704 111.

368 3739 434 3780 trem
454 3749 590 3783 eoeouerure
615 3734 726 3781 desieris
761 3729 840 3791 Saepe
868 3731 915 3777 tibi
955 3748 985 3783 11.
1006 3736 1042 3783 12.
1077 3737 1116 3782 Et
1141 3735 1241 3796 quidem
1264 3735 1345 3782 hercle
1358 3733 1450 3795 formo
1468 3736 1504 3782 lu-

367 3815 422 3862 dico
447 3812 574 3876 aliquanto
590 3812 648 3874 plus
672 3809 810 3873 significat,
836 3816 860 3857 et
877 3815 914 3858 est
956 3813 1077 3863 salento?
1098 3813 1231 3876 respondet
1247 3810 1380 3861 Chremes:
1407 3813 1450 3862 Sto
1466 3828 1504 3862 aa·

367 3891 479 3953 graviter
495 3891 644 3955 increpantis
656 3905 685 3938 ac
701 3889 831 3937 minantis:
849 3888 913 3937 conf.
956 3895 999 3941 tis.
1017 3892 1092 3942 Cons.
1104 3891 1187 3941 Bentl.
1204 3892 1236 3940 ad
1253 3892 1344 3941 Heaut.
1361 3891 1410 3941 IV.
1428 3893 1505 3941 aaa.

368 3971 457 4020 Burm.
474 3972 506 4019 ad
523 3971 633 4020 Phaedri
649 3971 697 4019 IV.
719 3971 755 4018 19.
776 3970 834 4017 Ttot
850 3971 913 4028 diro,
957 3973 995 4020 Et
1025 3986 1120 4034 qaoque
1147 3970 1274 4020 illustrant
1299 3970 1444 4034 interpretes
1473 3972 1504 4019 ad

367 4065 457 4109 auore,
490 4052 612 4113 quodiam
641 4050 756 4098 haeredis
789 4049 835 4095 tui.
878 4046 914 4095 Ut
955 4052 1057 4100 Livium
1078 4051 1147 4114 Epit.
1173 4051 1213 4100 82.
1240 4051 1315 4113 Syllo
1339 4053 1424 4114 copias
1439 4053 1505 4113 repta

368 4128 457 4178 Graeci
483 4131 523 4178 σοὶ
547 4127 626 4192 λέγω,
656 4128 716 4186 tibi,
739 4141 779 4175 me
802 4141 853 4175 11011
870 4141 913 4173 au·
953 4133 1049 4193 proelio
1070 4132 1144 4187 vicit,
1169 4131 1248 4179 eaesis
1273 4132 1380 4179 hortium
1405 4136 1505 4178 eentum

367 4208 458 4269 dienti,
475 4208 516 4257 vel
531 4222 582 4255 non
599 4204 685 4253 audire
701 4205 837 4254 simulanti.
956 4209 1066 4266 utilibus,
1082 4215 1106 4256 et
1123 4209 1215 4257 eastris
1231 4223 1325 4271 quoque
1343 4209 1503 4271 espuquott‘s.

401 4290 460 4348 Ita,
482 4291 586 4345 Datur,
608 4287 718 4335 amicum
751 4287 914 4348 Monolpt'um
989 4290 1051 4350 Ape,
1061 4289 1179 4334 libertate
1191 4288 1325 4336 Decembri
1341 4292 1419 4335 utere.
1442 4285 1504 4335 Sub-

367 4371 464 4420 domino
489 4376 514 4419 et
524 4369 613 4431 fraqi,
640 4367 706 4429 quod
721 4368 756 4414 sit
772 4368 852 4426 satia·
871 4367 914 4414 hoo
957 4369 1013 4416 irati
1041 4365 1133 4425 oratic,
1162 4373 1190 4414 ut
1214 4367 1282 4415 Iovis
1311 4368 1377 4430 apud
1402 4367 1506 4417 Lucian.

367 4455 417 4508 est,
456 4451 493 4497 Ut
508 4449 588 4497 vitale
602 4450 684 4508 putes.
700 4445 759 4493 Non
776 4444 855 4502 video,
871 4457 915 4490 cur
957 4449 1033 4496 Deor.
1051 4445 1146 4495 Conoil.
1167 4446 1188 4495 l.
1214 4446 1257 4503 Τίς
1284 4444 1416 4510 ἀγορεύειν
1440 4446 1504 4509 βού-

367 4542 462 4585 servus,
480 4535 608 4589 tantopere
624 4523 693 4586 loqui
709 4524 814 4580 timens,
838 4528 863 4569 et
879 4521 914 4584 ip·
958 4528 1042 4585 heroa·
1063 4523 1127 4591 Ἐγὼ
1146 4524 1159 4572 ὀ
1183 4528 1293 4588 Μῶμος,
1311 4523 1330 4572 ὦ
1347 4527 1407 4586 Ζεῦ,
1429 4525 1449 4574 εἴ
1464 4543 1507 4589 μοι

368 4623 424 4657 sum
439 4608 503 4656 illud
520 4606 657 4670 reformido
672 4610 724 4651 tam
747 4603 820 4650 anxie
837 4602 915 4664 profe·
959 4602 1117 4668 ἐπιτρέψειας
1127 4602 1215 4652 εἰπεῖν.
1229 4602 1337 4665 Iupiter:
1350 4603 1378 4651 τὸ
1392 4601 1505 4668 κήρυγμα

369 4703 436 4751 rens,
451 4689 534 4738 subito
551 4696 586 4736 tot
604 4686 684 4734 vorbis
702 4689 826 4738 uteretur,
847 4691 915 4730 etse
959 4682 1006 4744 ἤδη
1023 4683 1128 4748 ἐφίησιν.
1163 4683 1226 4730 ὥστε
1243 4679 1316 4729 οὐδὲν
1338 4681 1397 4743 ἐμοῦ
1419 4681 1506 4742 δεήσει.

1335 4763 1396 4824 11*
