3750 5759
634 1268 669 1332 P.
697 1265 892 1332 HOFMAN
916 1265 1199 1332 PEERLKAMP

869 1504 901 1554 L.
927 1504 954 1555 S.

860 1785 961 1803 -ιοου-

385 1976 441 2081 Ut
467 2019 506 2074 ad
531 2018 640 2075 multos
667 2019 861 2094 scriptorum,
883 2020 1060 2094 praesertim
1081 2020 1284 2077 Romanorum
1304 2020 1412 2090 libros,
1434 2020 1477 2078 ita

345 2128 385 2184 ad
411 2126 533 2183 Horatii
559 2125 674 2185 Satires
703 2135 734 2184 et
759 2125 913 2201 Epistolas
943 2127 1037 2184 multa
1062 2135 1286 2184 annotaveram.
1329 2125 1414 2200 Quae
1437 2127 1476 2184 ad

345 2234 476 2303 Satires,
506 2251 542 2289 ea
562 2251 656 2301 nunc,
685 2234 780 2308 magis
801 2234 964 2289 amicorum
985 2241 1092 2306 rogatu
1113 2249 1203 2305 quam
1223 2250 1290 2289 mea
1310 2231 1405 2307 ipsius
1426 2251 1476 2289 vo·

345 2341 478 2408 luntate,
506 2339 545 2394 ad
568 2339 730 2396 editionem
756 2338 921 2414 composita
942 2338 1058 2413 paravi.
1100 2337 1282 2412 Ignorabam
1303 2338 1383 2395 enim
1403 2338 1477 2412 quid

346 2448 456 2504 eruditi
472 2446 617 2504 Germani
640 2447 720 2503 inter
741 2463 835 2502 annos
857 2446 967 2502 inhac
989 2464 1021 2501 re
1043 2443 1281 2520 praestitissent,
1308 2461 1364 2500 nec
1392 2443 1476 2518 quid·

344 2573 434 2628 quam
457 2554 589 2610 videram
612 2563 732 2628 praeter
752 2552 947 2610 Meinekium.
983 2552 1134 2609 Absolute
1156 2553 1274 2609 demum
1295 2552 1351 2608 hoo
1373 2552 1475 2608 labore
1528 2540 1529 2545 ἵ

344 2678 424 2729 mec,
453 2670 559 2717 nactus
585 2659 793 2716 Heindorfium
822 2669 853 2717 et
874 2660 1141 2728 Wustemannum,
1168 2646 1361 2729 Horkelium,
1388 2658 1475 2734 Apit-

344 2767 436 2837 zium,
459 2767 588 2839 denique
611 2765 647 2821 L.
664 2765 881 2835 Doderlinum,
897 2766 979 2823 haud
1001 2784 1072 2822 sane
1094 2783 1193 2840 pauca
1207 2765 1246 2821 ab
1261 2765 1297 2821 iis
1312 2765 1371 2823 iam
1386 2783 1474 2822 occu·

345 2881 416 2948 pata
437 2872 636 2947 deprehendi,
660 2890 754 2945 eaque
776 2882 898 2942 cuncta,
921 2879 1066 2946 quantum
1084 2872 1160 2942 scio,
1183 2890 1222 2928 ex
1237 2872 1310 2928 meis
1326 2872 1444 2928 sustuli.

385 2978 557 3034 Ludovicus
586 2976 768 3034 Doderlinus
795 2997 823 3033 a.
845 2992 994 3035 uncccnx
1015 2976 1130 3036 Satiras
1151 2986 1213 3034 tam
1234 2976 1320 3033 docte
1343 2985 1373 3032 et
1393 2976 1474 3050 inge·

344 3084 426 3141 niose
452 3085 667 3159 interpretatus
698 3092 757 3153 est,
787 3093 822 3140 ut
851 3084 1009 3159 praeclara
1040 3083 1122 3140 illius
1144 3083 1181 3139 de
1213 3082 1341 3140 Horatio
1366 3083 1474 3140 merita

344 3190 417 3247 satis
440 3190 562 3246 laudare
585 3208 643 3246 non
666 3189 787 3264 possim.
813 3190 849 3245 In
866 3189 976 3263 quibus
994 3190 1100 3246 eadem
1115 3187 1178 3246 fere
1194 3189 1472 3260 animadverteram,

343 3314 394 3364 ea,
418 3295 490 3352 mihi
512 3295 549 3352 de
573 3313 718 3352 consensu
739 3295 923 3370 gratulatus,
947 3294 1081 3350 servavi,
1118 3293 1150 3353 si
1176 3294 1227 3350 ille
1255 3293 1382 3351 fortasse
1403 3295 1474 3351 hinc

344 3401 405 3457 suis
439 3397 570 3459 inventis
604 3401 726 3475 aliquod
761 3411 944 3457 momentum
979 3400 1142 3457 accessisse
1173 3400 1302 3471 iudicet,
1335 3401 1473 3474 equidem

344 3486 454 3563 abillo
474 3506 549 3564 meis
569 3525 659 3581 grave
681 3506 842 3563 accessisse
863 3505 974 3562 iudico.
1016 3560 1017 3570 ,

385 3612 432 3669 De
453 3632 519 3670 mea
541 3612 662 3669 Horatii
683 3611 856 3688 explicandi
873 3612 989 3667 ratione
1005 3611 1079 3667 satis
1096 3611 1237 3686 exposui,
1258 3629 1325 3668 cum
1339 3612 1370 3667 in
1386 3630 1472 3686 prae·

343 3717 456 3775 satione
482 3718 521 3774 ad
549 3715 708 3788 Carmina,
734 3726 797 3774 tum
823 3717 854 3773 in
880 3716 1078 3792 Mnemosyne
1105 3716 1256 3774 Leidensi.
1298 3713 1398 3774 Huius
1423 3737 1470 3776 me

343 3823 469 3879 rationis
496 3823 637 3895 nondum¹
653 3824 796 3899 poenitet.
839 3821 888 3882 Sic
915 3823 994 3880 enim
1020 3832 1051 3880 et
1078 3842 1197 3899 semper
1228 3824 1308 3881 sensi
1334 3832 1365 3881 et
1392 3843 1471 3882 nunc

343 3944 463 4001 quoque
485 3927 596 3984 sentio:
623 3927 722 3984 omnia
744 3928 863 3985 omuino
884 3937 1020 3986 veterum
1041 3927 1186 3987 librorum
1207 3929 1297 3991 MSS.
1313 3951 1368 4008 per
1389 3932 1472 3990 indo-

344 4041 422 4103 ctos,
450 4040 493 4103 et,
515 4033 597 4106 quod
619 4033 708 4107 longe
729 4034 831 4108 peius,
851 4053 906 4109 per
927 4035 1106 4093 semidoctus
1127 4036 1388 4096 librarios-*modis
1407 4039 1472 4096 inti·
1494 4096 1497 4102 ,

343 4139 414 4195 nitis
436 4139 607 4213 turpissime
629 4148 771 4214 corrupta
791 4148 870 4198 sunt.
913 4140 982 4198 Viri
1003 4142 1179 4200 eruditionis
1201 4154 1360 4202 accuratae
1381 4145 1470 4203 laude

343 4244 526 4302 excellentes
546 4245 615 4301 inde
638 4247 677 4302 ab
698 4245 865 4302 instaurata
885 4246 1042 4304 literarum
1061 4248 1245 4305 humanitate
1263 4250 1302 4305 ad
1318 4251 1396 4308 hanc
1411 4269 1470 4308 me-

344 4349 482 4420 moriam,
503 4357 598 4406 testor
616 4350 665 4405 vel
684 4349 880 4406 amicissimos
896 4350 1027 4425 collegas
1048 4350 1187 4422 Bakium,
1206 4349 1355 4410 Oobetum
1370 4363 1401 4412 et
1418 4375 1471 4414 nu·

343 4474 398 4530 per
425 4466 575 4512 mortuum
605 4455 750 4512 Iacobum
783 4453 940 4527 Geelium,
973 4457 1025 4530 qui
1053 4475 1120 4514 oum
1151 4476 1259 4532 magno
1290 4459 1410 4535 ingenio
1441 4472 1471 4521 at

271 4625 273 4628 ¹
345 4560 480 4617 doctrina
501 4579 606 4635 parem
626 4561 802 4619 modestiam
823 4570 855 4618 et
872 4562 1063 4638 prudentiam
1074 4564 1284 4638 coniungebat,
1296 4584 1397 4626 omnes
1409 4587 1470 4628 om·

343 4665 425 4723 nium
441 4673 608 4741 temporum
632 4674 662 4723 et
682 4667 838 4723 nationum
858 4667 916 4723 hoc
936 4666 1088 4726 luculente
1110 4667 1398 4731 demonstraverunt.
