3750 5759
813 682 995 749 LIBER
1042 687 1065 750 Ι.

413 865 576 934 Mallius?
599 869 746 935 invideat
769 873 856 957 quod
879 878 913 937 et
937 873 1173 959 Hermogenes,
1198 897 1258 960 ego
1282 881 1413 940 canto.“

415 967 655 1058 Interpellandi
678 974 768 1040 locus
793 975 845 1041 hic
869 981 955 1041 erat:
996 977 1084 1060 „Est
1107 978 1168 1043 tibi
1191 985 1306 1062 mater,
1350 1022 1355 1031 -

415 1074 577 1160 Cognati,
605 1077 677 1162 quis
695 1083 728 1142 te
744 1079 835 1144 salvo
852 1085 903 1145 est
918 1083 1045 1166 opus?“
1082 1082 1206 1165 „Haud
1221 1082 1304 1146 mihi
1317 1082 1510 1170 quisquam:

417 1178 541 1245 Omnes
565 1182 769 1267 composui.“
794 1183 963 1267 „Feliccsi
1002 1185 1099 1251 Nunc
1123 1208 1184 1271 ego
1207 1192 1303 1251 resto

416 1283 566 1349 Confice:
591 1307 733 1372 namque
756 1286 863 1354 instat
885 1288 994 1354 fatum
1017 1289 1100 1354 mihi
1125 1290 1237 1373 triste,
1264 1290 1394 1356 Sabella

416 1386 513 1466 Quod
534 1410 635 1474 puero
659 1390 778 1456 cecinit
800 1391 914 1457 divina
936 1397 1028 1457 mota
1051 1415 1133 1458 anus
1157 1416 1256 1458 urna:

416 1491 539 1573 „Hune
559 1514 656 1578 neque
677 1493 752 1559 cliro
773 1516 907 1579 uenena,
932 1517 988 1561 nee
1010 1496 1145 1562 laeticia
1166 1495 1290 1583 aequet
1315 1501 1413 1580 ensis,

417 1595 489 1660 Nee
512 1595 645 1661 letermn
667 1596 757 1663 dolor
779 1609 835 1664 aut
857 1604 972 1682 tueris,
997 1622 1053 1665 nee
1077 1600 1173 1665 tarda
1188 1600 1359 1687 qooolaqra;

423 1696 585 1765 Garrulus
606 1700 687 1765 lunc
708 1702 833 1786 quando
859 1712 1014 1768 consumet
1041 1724 1174 1789 neuque:
1202 1703 1358 1789 loquaces,

418 1801 458 1866 Si
484 1806 613 1888 sapiat,
636 1807 730 1886 uitet,
759 1805 966 1891 simulatque
988 1805 1159 1872 adoleverit
1185 1810 1307 1871 aetas.“

404 1993 514 2042 Felices!
547 1994 623 2042 Nunc
648 2009 689 2055 eqo
714 1999 787 2043 resto.
827 1995 920 2059 virgil.
961 2002 1012 2054 est,
1037 2012 1069 2046 ne
1094 1998 1173 2046 totius
1197 1998 1264 2047 ortis
1281 1999 1396 2057 excidia,
1422 2002 1510 2048 mundi

366 2071 437 2120 Aen.
455 2070 504 2120 XI.
524 2071 578 2119 159.
613 2074 688 2120 Fel'ee
705 2080 785 2123 niorto
804 2080 863 2136 tua,
879 2091 919 2123 ne·
953 2074 1043 2135 finem,
1059 2077 1152 2125 ciuium
1169 2083 1509 2139 morteanepostremosan-

366 2152 461 2213 quein
478 2152 661 2201 duncserrota
678 2154 800 2202 dolorem!
823 2154 920 2203 Contra
960 2158 1061 2203 clarum
1085 2157 1224 2218 uirqireum,
1249 2158 1315 2218 quod
1338 2159 1407 2206 omni
1431 2163 1510 2207 morte

366 2244 412 2291 eqo
427 2231 529 2278 uiuendo
553 2232 602 2279 aiei
623 2247 679 2280 mea
698 2232 770 2293 fota,
792 2240 920 2296 superstes
961 2236 1073 2283 acatius
1091 2241 1145 2294 eet,
1162 2236 1323 2285 collationem
1340 2237 1443 2284 uideret.

369 2310 508 2358 Rectorem
525 2316 555 2357 ut
570 2312 676 2372 qenitor.
701 2310 770 2360 Hinc
787 2313 919 2360 emcndan-
996 2312 1111 2376 Namque
1127 2316 1211 2362 instat
1227 2315 1318 2375 satum
1340 2317 1402 2363 milei
1422 2319 1508 2371 triste.

369 2389 430 2436 dum
447 2396 507 2452 puto
523 2389 591 2438 Vell.
608 2390 705 2439 Patere.
723 2391 759 2441 H.
777 2393 817 2441 49.
842 2394 920 2441 Nune
962 2390 1065 2440 Sabella
1101 2392 1175 2450 Quod
1197 2407 1274 2455 puero
1302 2395 1394 2442 reduit
1423 2398 1510 2445 diuino

367 2471 497 2530 proposito
517 2473 588 2533 operi
608 2485 656 2520 eno
675 2471 764 2535 forme
785 2474 919 2533 reddatur,
961 2475 1028 2519 neoto
1054 2487 1118 2520 anus
1134 2487 1208 2520 urna.
1253 2471 1379 2521 Bentleius
1408 2476 1509 2538 corrigit

368 2548 392 2596 si
411 2551 487 2611 prius
509 2552 657 2613 qratulotus
686 2567 728 2602 ero
757 2554 787 2612 Q.
812 2552 919 2609 Catulo,
961 2555 1030 2598 neota
1054 2552 1142 2599 diuina
1170 2565 1234 2598 anus
1265 2565 1338 2598 urna.
1382 2552 1423 2602 Sic
1447 2555 1508 2603 mihi

370 2631 464 2678 duobus
493 2628 617 2687 Lucullis,
640 2630 789 2694 Metelloque
805 2637 830 2681 et
850 2634 918 2681 Hor·
960 2627 1213 2693 iunctanonplacent
1227 2645 1292 2679 onus
1303 2632 1508 2681 Satelladiuina.

370 2711 462 2768 tentia·
488 2709 533 2772 qui
557 2723 613 2758 eum
637 2709 692 2756 sine
708 2711 806 2760 inuidia
822 2713 918 2775 irrep,
960 2708 1035 2757 Esset
1051 2711 1118 2758 enim
1136 2708 1286 2772 tautologia,
1303 2710 1360 2771 quia
1377 2726 1443 2759 onus
1458 2713 1506 2760 Sa·

364 2787 529 2850 fluuiorum,
547 2789 757 2851 eminuissentque
777 2792 831 2840 sine
850 2795 919 2853 peri-
960 2789 1024 2836 bello
1042 2796 1066 2838 et
1078 2790 1174 2848 divino,
1193 2795 1291 2851 propter
1308 2788 1432 2851 adjectum
1445 2794 1507 2840 ceei-

369 2869 436 2925 cnIo,
462 2870 561 2931 quieta,
582 2873 630 2915 aut
647 2875 713 2917 certe
729 2885 779 2918 non
793 2872 918 2934 praeeipi-
960 2870 999 2915 nn
1017 2874 1084 2917 neoto
1094 2884 1161 2916 urna
1171 2868 1236 2915 idem
1249 2866 1398 2930 significant.
1415 2870 1508 2918 Exem-

371 2951 435 3007 tata,
446 2948 531 3010 fatali
543 2953 603 2996 ante
614 2949 718 2995 initium
730 2950 849 2997 bellorum
861 2951 917 2998 rioi-
959 2946 1000 3009 pla
1025 2947 1123 2997 Bentlei
1148 2961 1236 3010 parum
1261 2947 1310 2995 huc
1326 2947 1406 2996 facere
1423 2949 1508 2997 viden-

370 3029 431 3076 lium
444 3028 694 3092 mortefunctisunt.
721 3029 831 3091 Legum:
842 3029 920 3092 felici
959 3034 1007 3075 tur.
1043 3028 1115 3079 Acies
1136 3030 1263 3077 Vulcania
1280 3034 1317 3076 est
1333 3030 1509 3090 iqnis‚domus

370 3109 547 3157 anteinitium
565 3110 685 3157 bellorum
701 3109 814 3157 ciuilium
839 3117 920 3159 morte
959 3107 1086 3156 Plutonia
1107 3115 1144 3156 est
1165 3109 1254 3157 Orous.
1290 3109 1344 3156 lam
1361 3117 1426 3156 reete
1448 3109 1508 3157 aciei

363 3185 454 3248 suncti
471 3193 538 3236 sunt.
572 3187 614 3236 Illi
631 3186 766 3236 floruerant
782 3188 808 3236 in
825 3202 877 3252 rep.
894 3197 919 3238 et
958 3186 1099 3236 Vulcaniae
1109 3187 1208 3235 additur
1221 3189 1413 3247 horrida,recte
1424 3189 1508 3236 domui

370 3268 525 3317 eminuerunt
549 3269 603 3317 sine
627 3268 736 3330 periculo
767 3269 851 3332 quieta
876 3278 918 3318 aut
959 3266 1092 3316 Plutoniae
1125 3267 1225 3315 additur
1252 3271 1342 3327 exilia·
1367 3283 1418 3316 non
1444 3276 1509 3316 recte

369 3353 434 3396 certe
450 3363 502 3396 non
518 3348 683 3412 praecipitata.
705 3349 808 3397 Tacitus
830 3349 917 3412 Agris.
960 3346 1081 3394 diceretur
1099 3348 1165 3395 acies
1182 3347 1307 3395 Vulcania
1324 3350 1409 3410 urea,
1428 3363 1507 3411 neque

368 3427 408 3475 44.
441 3429 511 3476 Filia
535 3434 611 3491 atque
632 3443 710 3477 ricem
734 3430 918 3491 superstitibus
960 3427 1046 3473 demus
1065 3427 1190 3473 Plutonia
1210 3426 1303 3486 infera.
1330 3424 1373 3476 Sic
1389 3441 1451 3474 auus
1464 3427 1507 3478 Sa-

367 3512 450 3568 potest
475 3508 554 3556 maeri
578 3508 656 3556 ettam
681 3510 783 3564 terrm,
800 3509 919 3557 incolumi
960 3502 1024 3551 bella
1042 3503 1082 3553 hie
1100 3518 1152 3552 nou
1176 3504 1269 3566 respuit
1291 3505 1389 3567 quidem
1416 3507 1507 3568 epithe-

369 3585 505 3648 diqnitate,
520 3586 631 3648 fluente
640 3586 731 3650 sama,
753 3588 833 3635 saluis
861 3586 919 3648 qffi·
959 3589 1015 3642 ton,
1033 3584 1128 3647 respuit
1153 3589 1236 3634 autem
1261 3585 1355 3632 diuina.
1391 3585 1508 3635 Fortasse

369 3667 494 3715 nitatibus
518 3672 543 3715 rt
569 3668 706 3726 amicitiis,
728 3667 827 3731 sutura
855 3667 919 3729 effu-
959 3663 1104 3726 legendnm:
1125 3666 1242 3727 Namque
1260 3665 1340 3712 instat
1350 3665 1441 3727 satum
1463 3667 1507 3714 nii·

369 3746 442 3807 qisse.
485 3746 621 3808 Postquam
646 3744 734 3795 Cicero
759 3747 789 3795 de
815 3746 920 3796 Oratore
960 3743 987 3789 lei
1004 3745 1078 3792 triste
1095 3744 1217 3800 Sabellos,
1254 3744 1329 3802 Quod
1344 3758 1424 3807 puero
1440 3750 1508 3792 rnota

371 3825 422 3874 111.
438 3827 462 3875 3.
480 3825 628 3874 sententiam
644 3825 718 3875 istam
734 3827 764 3875 de
775 3825 840 3874 felici
854 3839 920 3874 mor·
960 3823 1050 3871 cecinit
1068 3825 1155 3871 diuina
1183 3838 1247 3872 auus
1270 3839 1344 3873 arno.
1383 3822 1507 3886 Virgilius

370 3901 402 3951 tis
432 3904 617 3968 opportunitate
647 3904 722 3966 longe
755 3905 920 3968 pulcherrime
961 3900 1024 3950 dixit
1040 3902 1106 3952 Aen.
1116 3901 1164 3951 IV.
1181 3902 1237 3952 612.
1257 3905 1287 3954 Si
1305 3908 1407 3966 tauqere
1416 3909 1508 3965 portua

370 3981 550 4042 elaboraverat,
565 3984 657 4032 multos
674 3992 761 4033 nactus
783 3992 820 4034 est
838 3985 919 4033 imita·
962 3979 1105 4042 Infandum
1131 3988 1225 4044 caput,
1255 3998 1285 4033 ao
1310 3985 1388 4032 terris
1413 3984 1508 4032 adnare

370 4069 444 4121 tores,
460 4061 594 4126 velpatres
603 4063 795 4112 Ecclesiasticus.
813 4063 918 4112 Hieron.
960 4074 1054 4108 necesse
1078 4065 1132 4116 est,
1165 4062 1204 4108 Et
1229 4063 1266 4110 sio
1282 4061 1348 4122 sota
1369 4063 1439 4110 Iocus
1453 4077 1508 4124 pos·

371 4141 451 4205 Epist.
467 4141 507 4191 35.
533 4144 609 4190 Felix
627 4146 792 4206 Nepotianus,
805 4145 919 4206 quiheee
960 4146 1029 4188 cunt.
1042 4140 1109 4189 Aen.
1118 4140 1167 4188 VI,
1181 4140 1237 4193 376.
1251 4140 1344 4189 Desine
1346 4141 1411 4203 fata
1424 4141 1507 4188 Deum

370 4235 421 4270 non
436 4222 513 4271 sidet.
540 4222 622 4280 Felix,
638 4224 683 4286 qui
698 4225 751 4273 ista
769 4239 819 4272 non
836 4224 918 4272 audit.
954 4217 1030 4280 flecti
1055 4233 1158 4280 sperare
1185 4221 1320 4281 precando.
1361 4220 1394 4268 In
1420 4218 1507 4269 Satiris

372 4302 427 4350 Nos
452 4301 546 4357 miseri,
573 4308 620 4349 aut
644 4304 775 4364 patimur,
802 4307 849 4349 aut
872 4317 918 4364 pn·
960 4311 1032 4360 saepe
1043 4297 1075 4345 ad
1091 4295 1150 4345 talia
1169 4295 1297 4356 alluditur,
1314 4304 1338 4346 et
1355 4297 1418 4346 seria
1431 4298 1458 4345 in
1475 4299 1506 4346 ri·

372 4382 462 4430 tientes
473 4379 577 4441 fratres
593 4386 686 4432 nostros
709 4387 783 4429 tanta
797 4382 919 4443 perspici·
960 4376 1070 4424 dicdum
1092 4382 1231 4424 vertuntur.
1258 4378 1353 4424 Fatuos
1380 4378 1508 4436 Sobellae,

373 4475 436 4508 neus.
453 4459 533 4522 Epist.
548 4459 587 4509 95.
616 4463 690 4509 Felix
707 4465 785 4510 morte
800 4475 858 4519 sua,
876 4462 921 4523 qui
961 4455 1063 4518 utfaia
1081 4456 1163 4512 Iovii,
1181 4458 1274 4512 Deum»
1291 4454 1393 4518 iquOd
1410 4455 1509 4505 Sabella

372 4541 491 4588 nmaidei
498 4542 615 4602 patriam
628 4545 792 4590 corruentem.
801 4539 919 4588 Ambros.
962 4535 1012 4583 fata
1029 4541 1079 4594 est,
1095 4535 1161 4597 quod
1177 4549 1254 4598 puero
1268 4534 1364 4594 cecinit,
1381 4537 1507 4599 salafa-

373 4618 404 4668 Τ.
420 4618 442 4669 1.
460 4634 483 4682 p.
502 4619 573 4670 1122.
601 4620 762 4683 Raptusest,
778 4619 851 4667 rein
868 4633 920 4667 ma·
962 4615 1029 4662 talia
1054 4613 1181 4671 Sabellae,
1206 4616 1302 4664 dictum
1328 4616 1455 4674 Sabellos,
1482 4625 1507 4663 ur

372 4714 420 4748 nur
444 4700 565 4748 incideret
595 4701 768 4748 barbarorum.
817 4700 921 4760 Raptus
962 4693 1049 4743 Horat.
1075 4694 1101 4742 in
1128 4694 1212 4744 Carm.
1245 4693 1385 4744 Saeculari:
1416 4696 1509 4756 Vosque
1542 4711 1545 4717 ·
