3750 5759
808 579 834 640 1.
881 594 1009 642 sirini
1035 595 1057 640 r.

378 1783 544 1872 Oeeupatum
560 1807 587 1854 in
603 1805 775 1869 componendis
792 1801 994 1852 annotationibus
1010 1803 1061 1852 alia
1077 1818 1118 1852 me
1133 1803 1283 1867 effugerant,
1305 1819 1368 1870 quae
1391 1806 1418 1854 in
1436 1805 1517 1854 variis

376 1888 498 1938 schedulis
519 1889 679 1950 scripseram,
701 1885 751 1934 elia
775 1898 869 1933 errores
895 1884 1080 1948 typothetarum
1101 1885 1233 1948 corrigenti
1253 1885 1279 1933 in
1301 1892 1411 1934 mentem
1438 1901 1515 1938 vene-

376 1975 441 2016 runt.
476 1967 546 2029 Quae
563 1965 664 2015 editioni
680 1966 730 2013 iani
747 1963 874 2013 absolutae
890 1963 1004 2011 addenda
1020 1963 1120 2026 putavi,
1137 1964 1197 2012 haee
1213 1970 1282 2012 iuml:

814 2146 847 2187 1.
881 2099 1018 2186 serien
1043 2135 1064 2184 1.

406 2284 504 2346 Pagina
518 2285 542 2332 2.
579 2283 678 2344 Optant
693 2282 845 2340 miralmont,
860 2286 886 2330 et
900 2283 1048 2344 plerumque
1066 2281 1203 2344 arripiunt.
1236 2281 1295 2329 Huo
1316 2279 1443 2344 pertinent
1461 2284 1511 2334 iata

374 2363 441 2412 Livii
457 2361 545 2411 XLII.
561 2363 602 2410 33.
627 2361 759 2410 Militares
775 2362 884 2409 luminae
905 2365 930 2408 et
947 2360 1074 2422 stipendia
1090 2361 1161 2411 iueta
1176 2364 1202 2408 et
1217 2373 1323 2421 terpora
1338 2366 1364 2410 et
1380 2367 1468 2412 aetate
1483 2370 1510 2413 et

374 2444 483 2492 mndata
499 2443 625 2490 laboribus
649 2440 762 2504 eonfeeta
784 2442 881 2490 labere.
919 2439 1033 2490 quenal.
1057 2439 1131 2490 Satin.
1153 2438 1229 2489 XIV.
1253 2439 1306 2490 161.
1341 2441 1407 2492 Mau
1427 2445 1508 2493 uiam

368 2523 464 2584 frantia
481 2526 563 2570 aetate
579 2536 609 2569 aa
626 2518 728 2569 Punica
741 2520 826 2582 partia
859 2520 977 2576 Proelia,
999 2521 1037 2567 uel
1060 2520 1192 2581 Pyrrhum
1208 2520 1340 2567 immanem
1360 2521 1508 2585 pladioeqne

374 2602 506 2660 etiams,
536 2602 648 2652 Tandem
663 2616 711 2663 pra
726 2601 814 2650 natta
829 2601 874 2648 aiu
889 2599 978 2662 iapera
988 2600 1047 2648 bina
1062 2600 1191 2648 dabantaa
1228 2600 1387 2649 Vulneribna.

404 2683 435 2733 P.
451 2683 476 2731 2
511 2682 603 2730 &aare
617 2682 705 2730 armti,
738 2678 818 2742 Saepe
834 2684 918 2728 umen
928 2677 1164 2741 signifieatmilitem
1176 2677 1260 2740 gravis
1275 2684 1430 2737 armaturae,
1448 2695 1506 2728 aa.

372 2761 461 2812 Liuiae
477 2761 568 2810 XXII.
590 2759 628 2811 1⁸.

403 2841 434 2891 P.
450 2841 474 2890 3.
511 2841 605 2889 Grarria
631 2840 715 2889 annia.
749 2837 846 2887 Auctor
871 2836 1072 2900 synonymorum
1101 2834 1213 2886 citeron.
1238 2837 1277 2885 od.
1303 2836 1391 2886 Mahn.
1412 2853 1437 2902 p.
1463 2841 1504 2890 41.

372 2919 478 2980 „Maior
494 2924 567 2969 natu.
599 2917 695 2969 Senior.
713 2916 818 2967 Grandis
834 2922 902 2965 natu.
937 2916 1028 2967 Gravis
1045 2915 1139 2965 annis.“

404 2999 435 3048 P.
451 2999 476 3050 7.
509 2999 549 3046 Et
564 2999 642 3047 diem
667 2997 796 3050 Particula
805 3004 831 3046 et
842 3011 914 3061 saepe
924 3013 940 3045 a
950 2996 1056 3046 librariis
1071 2995 1136 3045 male
1145 2995 1241 3044 intrusa
1255 3001 1299 3044 eet.
1319 2996 1408 3046 Liviae
1416 2997 1504 3049 XLV.

373 3080 411 3129 19.
428 3080 597 3128 affluxerant
613 3092 669 3126 eune
678 3077 744 3126 duae
760 3081 788 3125 in
804 3080 908 3139 patiam
924 3079 1188 3133 hemerammum,
1204 3077 1344 3138 pratulatio
1359 3081 1506 3130 convenient

370 3161 399 3208 in
414 3175 444 3208 ea
469 3159 590 3217 antona,
616 3172 692 3220 quarn
712 3159 766 3219 ipae
782 3159 917 3207 adiuvisset
922 3176 932 3218 ‚·
958 3160 1053 3216 altera,
1077 3158 1232 3220 querimonia
1253 3157 1349 3208 Gallici
1374 3163 1504 3212 ramanae

370 3240 535 3300 adantaeque
549 3237 643 3300 pladite
658 3251 761 3298 reanum
776 3238 804 3284 in
821 3238 923 3286 dubunt
939 3239 1077 3287 adunatam
1088 3251 1146 3286 esee.
1180 3237 1290 3285 Suberat
1300 3242 1325 3286 et
1336 3245 1434 3288 aterna
1444 3255 1503 3302 aper

369 3320 489 3367 honarum
505 3317 719 3379 praemiorumque
736 3319 767 3365 ab
782 3322 879 3365 senatu.
913 3315 1022 3367 Omnino
1042 3316 1187 3378 legendum:
1209 3317 1313 3364 suberat
1333 3323 1430 3366 recreta
1447 3334 1504 3383 aper

369 3400 496 3446 tanarum.
529 3396 602 3445 Duae
617 3409 718 3444 auseae
738 3395 765 3443 in
781 3395 887 3458 speeiem
903 3397 1020 3446 honestae
1037 3411 1093 3444 eum
1111 3396 1279 3453 adduxerant,
1301 3395 1343 3443 aad
1367 3410 1427 3445 rara
1449 3407 1503 3448 erat

369 3490 424 3540 spes
445 3476 574 3525 honorum.
607 3476 680 3523 Hanc
700 3489 813 3523 eaussam
834 3476 943 3538 tegebat,
969 3490 998 3524 ea
1015 3475 1126 3534 suberat,
1151 3475 1176 3523 in
1201 3471 1284 3522 animo
1304 3473 1402 3524 latebat.
1438 3477 1502 3542 Spes

369 3561 421 3604 erat
437 3555 483 3603 sub
499 3554 585 3618 speeie.
602 3555 689 3604 Prima
707 3555 776 3604 verbi
792 3555 860 3604 notio
877 3570 973 3619 semper
991 3556 1126 3605 derivanda
1142 3556 1173 3603 ab
1190 3569 1230 3615 eo,
1247 3555 1312 3618 qnod
1324 3569 1374 3603 non
1385 3566 1501 3620 apparet,

368 3633 426 3682 bine
442 3634 490 3682 alia
506 3640 593 3697 sponte
608 3634 727 3696 sequitur.
760 3634 810 3683 Vir
826 3634 918 3683 Latine
934 3642 1047 3683 aeourate
1063 3636 1149 3683 doetus
1165 3636 1187 3684 Ι.
1199 3634 1233 3683 Η,
1245 3634 1331 3684 Bromi
1347 3636 1379 3683 ad
1395 3636 1502 3700 Nepotis

368 3715 450 3764 miii.
467 3715 488 3762 1.
505 3713 552 3760 isa
568 3714 650 3762 minus
667 3713 870 3762 renuentium.
892 3715 934 3762 ux
951 3729 980 3763 ea
997 3714 1105 3763 formula
1115 3714 1245 3763 emendavi
1255 3703 1349 3775 virgil.
1358 3713 1451 3778 θεοῖς.
1463 3717 1499 3766 11.

368 3793 407 3846 47.
426 3797 520 3856 Sponte
535 3809 583 3842 aua
598 3809 662 3856 quae
678 3809 704 3843 ee
720 3795 813 3842 tollunt
831 3797 858 3843 in
875 3794 977 3844 lurni-teir
993 3810 1062 3854 orat,
1096 3796 1240 3859 Infeaunda
1256 3796 1367 3857 quidem,
1379 3797 1501 3846 aedlaeta

367 3880 392 3923 et
402 3875 488 3938 sortia
503 3879 625 3936 turpant:
654 3875 756 3936 Quippe
770 3872 821 3923 eolo
836 3881 933 3923 natura
949 3878 1040 3925 rubeat.
1073 3874 1234 3936 Legendum:
1262 3874 1364 3936 Quippe
1380 3876 1438 3924 allia
1455 3891 1500 3924 na·

369 3960 430 4001 tura
450 3956 541 4002 tabeat.
574 3953 627 4003 lllis
652 3955 778 4003 arboribus
800 3955 883 4004 subest
899 3963 995 4004 natura.
1027 3956 1096 4005 Vera
1117 3970 1215 4013 mussa,
1232 3969 1295 4018 quae
1310 3968 1360 4003 non
1382 3957 1499 4016 eemitun

369 4034 449 4083 estin
467 4033 526 4096 ipsis
543 4034 679 4084 arboribus.

416 4113 448 4160 In
472 4113 546 4162 Livio
570 4116 649 4178 magia
671 4115 745 4164 etiam
771 4123 886 4179 corrupta
906 4122 965 4164 sunt
986 4117 1149 4180 acle-artaeque
1169 4117 1268 4179 pladite.
1301 4114 1400 4164 Nomen
1416 4117 1500 4180 reguli

368 4192 464 4250 Gallici,
481 4195 512 4242 de
528 4210 577 4258 quo
593 4195 684 4259 agitur,
700 4203 753 4245 erat
770 4198 926 4246 Saliuettiua.
959 4197 1014 4245 Hoc
1030 4195 1137 4245 restituit
1153 4194 1371 4245 Drakenborchim
1388 4201 1414 4242 et
1429 4209 1500 4258 prae-

366 4281 434 4322 terea
457 4273 518 4336 legit
534 4277 646 4325 cladibus
670 4290 715 4338 pro
739 4277 838 4338 pladiia.
871 4275 990 4324 Dukerus
1017 4275 1224 4324 animadverterat
1245 4289 1276 4323 ne
1297 4274 1380 4337 poetas
1398 4274 1499 4337 quidem

366 4354 473 4401 dicturos
494 4351 569 4402 fnisse
589 4370 693 4419 repnum
708 4355 800 4419 pladiie
816 4356 844 4404 in
860 4357 963 4404 dubium
985 4357 1122 4404 adductum
1138 4370 1183 4418 pro
1199 4369 1273 4417 repno
1288 4355 1431 4418 perieulum
1447 4369 1500 4403 eree

366 4450 383 4482 a
399 4436 466 4483 bello.
499 4432 572 4482 Dixit
588 4441 669 4483 tamen
694 4435 821 4484 Iuvenalis
842 4434 916 4486 Satin.
933 4435 1010 4484 XIV.
1030 4435 1083 4484 162.
1107 4437 1209 4486 Punica
1224 4436 1309 4496 pataria
1326 4432 1445 4490 Proelia,
1463 4434 1501 4482 ael

367 4515 500 4575 Pyrrhum
516 4515 649 4564 immanem
664 4516 806 4579 pluuiaeque
825 4514 951 4564 Maleatas.
984 4515 1071 4577 Neque
1087 4515 1176 4564 Livius
1193 4516 1254 4563 adeo
1271 4513 1301 4561 ab
1313 4511 1431 4561 orationis
1442 4512 1499 4575 poe·

366 4592 428 4641 tioae
446 4592 525 4641 forma
541 4592 663 4641 abhorret.
810 4599 812 4602 ⁴
