3750 5759
792 676 975 740 LIBER
1022 678 1065 742 ΙΙ.

405 867 547 934 Ooenem
570 885 648 950 ego:
673 870 710 928 tu
733 864 838 948 pisces
860 864 996 929 hiberno
1019 887 1060 928 ex
1083 886 1219 950 aequore
1242 866 1350 931 verris.

406 969 524 1056 Segnis
548 990 625 1053 ego,
650 967 828 1053 indignus,
854 968 911 1054 qui
934 972 1065 1032 tantum
1088 969 1292 1054 possideam:
1318 971 1425 1035 aufer!

407 1075 506 1141 Sume
530 1073 592 1139 tibi
616 1072 738 1138 decies!
763 1072 825 1137 tibi
849 1073 1075 1139 tantumdem!
1101 1073 1163 1138 tibi
1186 1074 1323 1160 triplex,

406 1179 505 1245 Un'de
527 1199 609 1243 uxor
632 1176 741 1243 media
764 1177 865 1242 currit
889 1178 929 1243 de
952 1182 1047 1243 nocte
1070 1177 1226 1243 voeatai“

405 1282 513 1347 Filius
536 1281 659 1367 Aesopi
683 1281 864 1346 detractam
888 1303 928 1346 ex
951 1304 1027 1346 aure
1052 1281 1221 1364 Metellae,

405 1386 538 1452 Scilicet
559 1390 598 1450 ut
620 1384 725 1450 decies
742 1385 885 1450 solidum
909 1386 1113 1469 exsorberet,
1138 1391 1228 1450 aceto

406 1490 516 1555 Diluit
538 1489 704 1574 insignem
729 1490 875 1554 baccam:
902 1491 958 1575 qui
982 1489 1106 1572 sanior,
1131 1511 1168 1554 ao
1192 1489 1221 1554 si

405 1593 496 1658 Illud
518 1593 606 1658 idem
629 1592 664 1656 in
687 1592 839 1678 rapidum
862 1593 987 1657 flumen
1011 1592 1168 1657 iaceretve
1191 1593 1354 1658 cloacam?

407 1696 523 1776 Quinti
546 1695 718 1782 progenies
741 1695 838 1778 Arri,
855 1717 914 1781 par
937 1696 1047 1760 nobile
1069 1696 1228 1779 fratrum,

405 1799 562 1886 Nequitia
585 1803 618 1864 et
642 1797 740 1883 nugis
763 1820 937 1884 pravorum
962 1804 996 1863 et
1018 1821 1127 1864 amore
1149 1800 1346 1884 gemellum,

407 1902 578 1969 Luscinias
603 1901 694 1966 soliti
717 1901 866 1986 impenso
889 1903 1047 1988 prandere
1071 1907 1214 1968 coemtas
1226 1952 1235 1986 ,

407 2009 571 2088 Quorsum
595 2007 735 2071 abeant?
752 2005 824 2070 sani
847 2012 885 2071 ut
908 2010 1014 2090 creta,
1031 2028 1073 2070 an
1096 2007 1234 2072 carbone
1258 2011 1416 2075 notandi?

407 2112 590 2177 Aedificare
613 2132 722 2193 casas,
744 2110 899 2195 plostello
923 2110 1100 2195 adiungere
1123 2134 1248 2195 mures,

408 2217 535 2283 Ludere
557 2237 617 2301 par
640 2215 765 2300 impar,
791 2214 935 2300 equitare
959 2214 994 2278 in
1017 2215 1176 2281 arundine
1199 2216 1299 2301 longa

410 2321 445 2387 Si
469 2341 566 2405 quem
590 2319 730 2383 delectet
752 2318 946 2401 barbatum,
971 2319 1117 2383 amentia
1139 2326 1256 2384 verset.

409 2425 445 2490 si
467 2422 624 2509 puerilius
647 2421 699 2486 his
724 2421 807 2486 ratio
831 2444 902 2487 osse
926 2421 1057 2487 evincet
1081 2444 1208 2506 amare,

408 2528 477 2593 Neo
500 2527 679 2613 quidquam
703 2526 847 2610 differre,
871 2532 1026 2592 utrumne
1050 2527 1085 2591 in
1107 2527 1260 2613 pulvere,
1285 2528 1402 2593 trimus

409 2632 513 2712 Quale
526 2630 637 2716 prius,
662 2631 757 2695 ludas
781 2652 879 2715 opus,
905 2653 948 2695 an
970 2630 1149 2696 meretricis
1174 2652 1283 2696 amore

410 2735 579 2802 Sollicitus
603 2736 727 2822 plores,
753 2757 892 2821 quaero,
917 2735 1063 2800 faciasne
1086 2735 1172 2820 quod
1196 2735 1275 2800 olim

410 2841 559 2905 Mutatus
584 2840 738 2904 Polemo?
760 2861 865 2925 ponas
888 2838 1035 2924 insignia
1058 2838 1179 2920 morbi,

410 2944 595 3027 Fasciolas,
621 2945 767 3028 cubital,
791 2944 920 3028 focalia,
945 2950 1044 3029 potus
1067 2949 1106 3009 ut
1128 2944 1185 3008 ille

410 3048 540 3114 Dicitur
563 3072 603 3114 ex
627 3049 712 3114 collo
736 3049 852 3114 furtim
876 3048 1037 3135 carpsisse
1061 3070 1212 3132 coronas,

410 3152 591 3239 Postquam
615 3159 666 3219 est
688 3153 850 3240 impransi
879 3158 1046 3239 correptus
1070 3175 1148 3220 voce
1172 3153 1345 3239 magistri?

410 3256 556 3342 Porrigis
580 3258 664 3322 irato
687 3279 787 3344 puero
811 3279 913 3342 quum
936 3279 1050 3342 poma,
1074 3262 1223 3335 recusat3

412 3359 554 3444 „Sume,
581 3361 706 3427 Catella
720 3362 752 3425 i“
778 3368 892 3446 negat:
918 3361 947 3425 si
971 3383 1037 3426 non
1061 3361 1136 3447 des,
1161 3366 1262 3446 optat.
1311 3361 1450 3426 Amator

413 3463 580 3530 Exclusus
605 3467 662 3550 qui
687 3465 808 3547 distat,
833 3464 905 3550 agit
927 3464 985 3530 ubi
1009 3465 1134 3547 secum,
1162 3469 1281 3529 eatan
1304 3486 1388 3547 non,

412 3568 483 3647 Quo
506 3569 670 3634 rediturus
694 3575 764 3634 erat
785 3591 851 3634 non
875 3569 1071 3652 arcessitus,
1096 3573 1129 3633 et
1163 3569 1274 3633 haeret

410 3673 532 3738 Invisis
556 3672 708 3739 foribus?
754 3673 827 3756 „Ne
853 3695 964 3756 nunc,
990 3694 1091 3758 quum
1114 3694 1167 3736 me
1200 3676 1295 3737 vocat
1326 3673 1433 3756 ultro,

366 3829 430 3880 quae
451 3821 602 3878 sequuntur,
619 3822 649 3863 tu
665 3818 791 3878 pisces-
809 3816 856 3863 titi
873 3816 912 3863 de·
955 3829 1047 3877 aequor
1063 3829 1161 3877 quoque
1179 3815 1309 3863 hibernum
1326 3813 1502 3877 appellatum

366 3897 415 3944 cies
439 3921 472 3930 ·-
494 3897 542 3942 tibi
567 3897 718 3944 tantundem
742 3922 774 3929 -
800 3895 847 3942 tibi
866 3894 912 3940 tri·
955 3893 1064 3956 epitheto
1090 3893 1183 3956 proprii
1205 3892 1312 3941 nominis
1329 3893 1440 3956 insignit.
1469 3894 1503 3942 Et

365 3972 501 4036 planatis
518 3975 646 4022 ostendere
657 3973 913 4022 videnturnecessita-
956 3979 985 4021 to
1002 3973 1102 4021 omnino
1124 3973 1280 4036 postulatur,
1306 3974 1381 4022 etiam
1402 3981 1502 4036 propter

366 4059 417 4101 tem
444 4055 595 4116 pronominis
626 4054 752 4101 inferendi.
786 4053 913 4101 Bentleius
955 4067 1051 4100 coenem
1068 4069 1117 4116 eqo.
1134 4054 1223 4101 Horat.
1240 4052 1320 4114 Epist.
1334 4052 1356 4100 1.
1373 4066 1400 4101 x.
1418 4053 1441 4101 6.
1464 4055 1503 4100 Tu

366 4131 440 4194 legit:
462 4130 501 4180 Pu
518 4134 574 4182 nine
591 4135 697 4182 Lucane
714 4132 755 4180 vel
770 4133 811 4179 Tu
822 4133 850 4180 in
860 4134 915 4180 uice
956 4132 1042 4178 nidum
1060 4145 1153 4180 servus.
1172 4133 1228 4194 Epo
1246 4132 1322 4178 laudo
1337 4133 1409 4180 ruris
1425 4146 1504 4181 anwe-

367 4213 484 4261 Lucaea.
511 4210 633 4260 Coniicio:
660 4214 696 4259 In
721 4213 777 4260 utve
794 4218 824 4258 tu
849 4227 915 4260 caua
956 4211 984 4257 ni
1002 4211 1089 4258 ltivos.
1113 4211 1198 4259 Plaut.
1229 4208 1314 4258 Oasin.
1339 4211 1390 4260 111.
1416 4225 1454 4259 vr,
1478 4211 1502 4260 5.

367 4293 462 4340 dormis
487 4298 610 4340 ocreatus.
645 4290 687 4340 sie
707 4291 734 4338 in
750 4297 809 4339 noto
826 4305 914 4340 versu:
959 4291 1000 4337 Tu
1016 4305 1096 4338 atrias.
1114 4292 1170 4352 qu
1186 4291 1276 4338 esurio.
1299 4289 1350 4350 Qui
1365 4290 1435 4338 locus
1449 4304 1502 4352 per·
1536 4290 1540 4296 '

368 4373 465 4419 Furius
490 4372 606 4420 hibernas
631 4386 696 4420 canc
717 4372 775 4419 nice
798 4373 916 4433 conspuit
957 4368 1020 4415 tinet
1044 4370 1076 4416 ad
1096 4369 1270 4430 corrigendum
1290 4369 1395 4416 altorum
1416 4371 1441 4417 in
1463 4383 1502 4418 ea·

368 4452 455 4514 Alpes.
489 4449 613 4512 Virgilius
630 4450 651 4498 Ι.
670 4449 761 4512 Georg.
779 4450 818 4498 43.
844 4452 915 4499 conia
957 4449 1013 4495 dem
1030 4447 1113 4495 fabula
1130 4448 1179 4496 IV.
1197 4462 1237 4495 111.
1255 4449 1278 4495 4.
1297 4447 1334 4496 St.
1351 4450 1414 4510 qutd
1435 4450 1504 4510 apis,

368 4533 508 4578 sumtibus:
530 4529 573 4577 ubi
592 4529 663 4579 Serv.
685 4528 762 4588 ,albis
784 4543 816 4577 ex
833 4529 914 4577 nive.“
957 4543 1012 4575 oreo
1026 4527 1123 4575 Solus?
1143 4527 1182 4577 Ol.
1201 4529 1299 4576 Esurio
1316 4529 1408 4586 berete,
1428 4535 1504 4592 atque

368 4608 505 4672 Eleganter
521 4609 622 4672 quidem
648 4608 770 4656 diceretur
791 4610 847 4657 nive
864 4610 915 4655 Lu·
958 4608 1018 4655 odeo
1036 4608 1105 4656 trouct
1120 4611 1186 4658 sitio.
1221 4609 1284 4671 Leg.
1301 4623 1378 4671 aeque
1395 4610 1455 4658 odeo
1471 4624 1502 4658 ue

367 4705 445 4748 cana,
469 4696 568 4752 proptor
585 4705 678 4752 aprum
704 4689 848 4738 Lucanum:
871 4689 914 4737 sed
958 4688 1025 4735 sitio.
