3750 5759
827 675 853 739 lt
867 676 883 739 l
898 676 924 738 B
939 676 966 739 ll
981 677 1009 739 R
1057 677 1099 740 ll.

416 863 478 929 Oui
504 862 605 929 Canis
630 884 669 926 ex
693 883 768 928 vero
792 862 929 928 ductum
954 884 1134 948 cognomen
1159 863 1328 946 adhaeret,

415 966 650 1052 Quinquennes
674 967 762 1032 oleas
786 972 837 1032 est
861 972 894 1031 et
917 965 1082 1031 silvestria
1105 988 1217 1048 corna,

413 1071 463 1135 Ac
486 1069 552 1135 nisi
576 1075 743 1135 mutatum
766 1068 873 1155 parcit
896 1068 1073 1134 defundere
1096 1069 1232 1151 vinum,
1256 1075 1307 1152 et,

415 1174 517 1240 Cuius
541 1173 673 1238 odorem
697 1172 759 1238 olei
782 1194 924 1257 nequeas
949 1172 1107 1258 perferre,
1132 1173 1245 1239 licebit

415 1278 478 1343 Ille
501 1276 646 1363 repotia,
671 1277 798 1341 natales
823 1275 947 1341 aliosve
971 1276 1097 1342 dierum

416 1381 532 1447 Festos
557 1380 687 1446 albatus
712 1379 870 1462 celebret,
895 1401 997 1445 eomu
1021 1380 1092 1466 ipsc
1114 1381 1225 1446 bilibri

416 1484 575 1550 Caulibus
599 1483 759 1566 instillat,
783 1482 903 1549 veteris
927 1504 994 1548 non
1018 1505 1133 1569 parcus
1158 1484 1249 1549 aceti.

415 1587 514 1668 Quali
538 1587 641 1674 igitur
665 1587 755 1654 victu
779 1587 909 1672 sapiens
933 1591 1064 1671 utetur,
1088 1587 1261 1653 ethorum

415 1693 536 1759 Utrum
560 1691 763 1758 imitabitur?
809 1692 881 1757 Hac
905 1696 1002 1776 urget
1024 1691 1142 1777 lupus,
1167 1692 1227 1756 hac
1251 1692 1358 1776 canis,
1383 1692 1485 1757 aiunt.

415 1796 561 1862 Mundus
585 1796 667 1879 erit,
692 1796 748 1883 qui
772 1817 838 1861 non
862 1794 1008 1860 offendat
1030 1794 1199 1877 sordidus,
1225 1799 1322 1880 atque

414 1900 455 1964 In
479 1905 630 1965 neutram
653 1906 781 1985 partem
805 1899 914 1965 cultus
938 1898 1047 1964 miser.
1097 1898 1161 1964 Hie
1186 1921 1291 1984 nequo
1314 1899 1432 1980 servis,

366 2075 466 2123 sinnius
483 2082 583 2138 putem:
611 2077 641 2124 Si
666 2081 691 2124 te
715 2077 787 2124 alind
810 2090 919 2138 procrea
961 2076 1084 2123 serdibus.
1118 2073 1249 2123 Bentleius
1260 2072 1370 2136 legebat:
1389 2091 1439 2138 que
1460 2090 1509 2125 neu

370 2155 513 2204 detorserit.
555 2153 662 2201 Frustra
686 2153 832 2218 Charybdin
857 2153 919 2201 vita·
961 2153 1074 2216 offendat
1102 2155 1224 2202 sortiter.
1253 2152 1300 2201 hoc
1327 2159 1375 2202 est:
1408 2154 1512 2217 Sapiens

369 2232 445 2290 veris,
469 2233 490 2280 si
510 2238 535 2282 te
552 2232 639 2296 Scylla
655 2233 686 2282 de
703 2239 769 2281 recto
786 2247 862 2281 eursu
878 2232 920 2281 de·
961 2233 1072 2282 mundus
1088 2234 1136 2282 erit
1152 2241 1266 2289 eatenus,
1278 2247 1387 2297 quanon
1399 2233 1512 2283 sordibus

368 2311 459 2362 iecerit.
485 2313 607 2362 Horatius
618 2313 696 2362 etalii
705 2328 920 2375 procerumve
962 2312 1087 2361 fastidium
1104 2320 1215 2372 moveat,
1237 2312 1262 2360 in
1285 2322 1400 2363 neutram
1415 2319 1513 2378 partem

367 2407 441 2456 saepe
457 2391 612 2441 substantive
628 2399 762 2456 usurpant,
781 2399 809 2440 ut
825 2406 861 2441 vs.
879 2393 919 2441 52.
960 2392 1043 2441 cultus
1064 2393 1139 2442 miser
1159 2394 1217 2452 erit,
1244 2410 1323 2459 neque
1343 2393 1464 2444 inclinans
1486 2394 1512 2443 iu

369 2473 546 2535 providebitis
559 2473 809 2521 Remanaieeentea
843 2473 921 2521 Recte
954 2472 1063 2520 'nimiam
1079 2474 1238 2533 munditiem,
1263 2490 1343 2540 neque
1367 2477 1394 2523 in
1420 2475 1512 2523 victum

367 2546 452 2601 autem
469 2553 532 2600 citio
548 2551 709 2613 subiungitur
725 2567 844 2614 precum,
857 2557 919 2599 tam·
961 2551 1094 2600 sordidum.
1129 2551 1185 2600 Alii
1202 2552 1279 2601 aliter.

367 2647 444 2696 quam
461 2630 519 2694 plus
535 2630 592 2689 illo,
613 2645 671 2679 eum
694 2631 756 2679 vitia
772 2631 797 2678 in
815 2645 918 2679 consue·
990 2627 1153 2679 Doderlinus:
1167 2630 1288 2693 „Sapiens
1297 2633 1324 2680 in
1334 2637 1432 2679 tantum
1441 2646 1513 2679 mun-

368 2711 483 2759 tudinem
494 2718 519 2759 st
530 2718 647 2759 naturam
659 2711 782 2760 obierunt
800 2710 843 2760 Sic
854 2711 920 2760 Veli.
962 2710 1008 2757 dus
1026 2710 1084 2766 erit,
1102 2717 1192 2758 utnon
1204 2709 1314 2759 offendat
1324 2711 1450 2768 sordibus,
1461 2724 1510 2759 non

370 2789 469 2838 Patere.
486 2791 522 2840 ΙΙ.
541 2803 568 2838 x.
605 2792 673 2839 Adeo
694 2795 795 2840 caetere
811 2806 828 2839 a
844 2793 921 2839 rectia
962 2789 988 2837 in
1005 2797 1116 2848 tantum,
1133 2797 1160 2838 ut
1177 2789 1281 2838 delectet
1297 2791 1422 2838 luxibus.“

368 2872 397 2918 ia
412 2870 493 2931 vitia,
510 2886 526 2918 e
543 2871 616 2918 vitiis
632 2871 660 2917 iri
679 2884 775 2932 praee,
796 2887 813 2918 e
831 2873 922 2932 praeis
996 2870 1080 2931 Atque
1116 2869 1146 2917 la
1170 2876 1288 2918 neutram
1312 2875 1413 2932 partem
1428 2870 1513 2919 cuitus

368 2951 396 2998 in
418 2951 574 3012 praecipitia
598 2951 752 3011 pervenitur.
794 2950 846 2999 Ubi
870 2964 920 2999 non
962 2948 1044 2995 nrum.
1078 2948 1127 2996 Hic
1148 2962 1247 3012 quoque
1263 2949 1408 3012 interpretes
1424 2948 1451 2996 in
1468 2963 1512 2996 ra·

367 3041 459 3091 sequar
474 3027 668 3086 Ruhnkenium,
681 3019 921 3090 legentemereetia
962 3026 1010 3074 rias
1035 3032 1117 3090 partes
1143 3028 1295 3077 scinduntur.
1334 3028 1448 3092 Iungunt
1472 3028 1514 3076 vel

368 3108 397 3155 ie
411 3120 506 3170 mave,
524 3123 540 3154 a
555 3108 643 3169 previa
658 3109 686 3156 ie
700 3099 855 3171 praecipitia
865 3125 920 3172 per·
961 3112 1061 3169 partem
1077 3109 1175 3165 celtae,
1198 3107 1239 3156 vel
1259 3110 1334 3157 mne
1354 3109 1450 3166 cuitus,
1472 3106 1513 3156 vel

369 3188 477 3236 venitur.
505 3186 617 3236 Velleius
627 3186 731 3236 fortasse
742 3189 867 3252 cogitabat
877 3189 920 3238 Li·
961 3189 1044 3235 cultas
1062 3188 1184 3250 accipiunt
1200 3202 1245 3252 pro
1261 3186 1390 3251 participio
1407 3186 1513 3249 passivo,

369 3264 445 3314 viana
452 3267 500 3315 ista
508 3266 707 3316 inPraefatione:
713 3269 824 3317 Lubente
832 3271 921 3318 Made
961 3265 1005 3314 rel
1015 3268 1089 3315 naba
1100 3269 1128 3314 in
1140 3273 1259 3316 neutram
1269 3269 1379 3329 partem.
1400 3266 1432 3314 In
1443 3266 1510 3314 omni

368 3346 507 3406 paullatim
524 3347 671 3407 discipline,
693 3348 763 3394 reiut
780 3348 920 3396 metentes
959 3344 1162 3407 interpretatione
1179 3351 1228 3402 est,
1244 3346 1311 3408 quod
1327 3344 1434 3408 placeat,
1445 3345 1511 3407 qnod

368 3425 452 3486 primo
469 3438 549 3474 atores
565 3430 688 3486 sequerer
709 3427 807 3474 anime:
831 3427 921 3473 deiude
960 3425 1093 3488 displiceat.
1127 3422 1240 3473 Conieci:
1258 3424 1376 3472 Mundae
1393 3426 1512 3486 erit,qui

369 3509 400 3551 et
420 3505 504 3567 mepta
529 3505 656 3566 ereqieque
682 3504 749 3566 tepet
772 3507 839 3562 sint,
865 3510 920 3553 tum
959 3520 1009 3552 rien
1028 3503 1142 3566 offendet
1162 3504 1276 3551 sedibus
1295 3507 1372 3564 etque
1396 3504 1432 3551 la
1453 3519 1511 3552 nee-

368 3583 407 3630 ire
422 3585 548 3645 coeperint
562 3583 723 3644 praecipites.
908 3626 910 3629 .
961 3589 1029 3631 trem
1045 3588 1146 3645 partem
1163 3583 1242 3630 cultu.
1277 3582 1369 3629 Miseri
1380 3582 1420 3630 bio
1431 3596 1509 3644 neque

407 3663 507 3711 Veteris
534 3677 583 3710 nora
609 3676 704 3724 pereae
731 3664 803 3711 aceti.
836 3664 919 3712 Homo
958 3664 1037 3712 aereis
1075 3664 1165 3712 Albuti
1189 3663 1256 3711 aenis
1279 3676 1317 3724 sq.
1353 3659 1443 3709 Victus
1468 3675 1507 3709 sa·

368 3741 467 3789 sordide
483 3754 586 3797 avarus,
611 3741 654 3804 qui
678 3741 760 3790 eleum
786 3742 847 3790 adeo
867 3756 918 3790 eer-
960 3742 1048 3805 pientis
1070 3742 1116 3790 erit
1137 3743 1257 3798 mundus,
1279 3741 1326 3789 hoc
1347 3747 1396 3798 est,
1418 3741 1461 3803 qui
1482 3740 1508 3788 in

369 3827 472 3884 ruptum
489 3820 529 3870 vel
545 3821 663 3881 instillat,
680 3822 701 3870 is
712 3831 821 3881 acetum,
832 3837 918 3886 quam·
960 3829 1075 3870 neutram
1092 3829 1188 3884 partem
1205 3820 1325 3879 offendat,
1342 3835 1422 3884 neque
1434 3821 1508 3870 sordi·

367 3915 445 3964 qnam
467 3907 551 3957 vetus,
572 3915 625 3949 nen
648 3901 760 3949 effundit.
798 3901 854 3950 Hoe
877 3901 919 3950 ille
960 3901 1005 3949 bus
1021 3914 1102 3965 neque
1118 3900 1194 3949 cultu.
1228 3899 1298 3962 Quae
1315 3901 1345 3948 de
1362 3900 1469 3949 Albutio
1485 3908 1510 3950 et

369 3980 445 4039 vidit,
461 3979 505 4043 qui
521 3979 547 4027 in
563 3981 601 4030 ed.
619 3981 701 4030 Zarot.
718 3983 785 4030 dedit
801 3996 850 4030 eeu
868 3984 918 4030 ier·
959 3981 1057 4030 Naevio
1077 3981 1159 4040 addit,
1181 3995 1210 4029 ea
1230 3981 1354 4044 pertinent
1375 3982 1415 4030 adr
1428 3981 1509 4031 officie

368 4073 422 4121 ene.
455 4059 604 4122 Legendum
621 4068 693 4124 puto:
716 4063 807 4110 reteris
823 4076 919 4124 queque
960 4074 1102 4119 servorum,
1118 4060 1207 4123 quibus
1224 4061 1322 4123 sapiens
1340 4074 1386 4109 nec
1396 4060 1461 4109 iusto
1472 4075 1508 4109 se·

367 4152 463 4200 parcae
480 4141 552 4188 eceti.
588 4140 697 4189 Acetum
714 4149 785 4189 vetus
796 4143 846 4189 rim
859 4141 918 4189 ami·
961 4142 1041 4190 verior
1057 4155 1103 4189 nec
1119 4140 1289 4203 indulgentior
1304 4140 1365 4200 erit,
1383 4141 1441 4188 dnm
1454 4155 1508 4189 mu-

368 4215 409 4266 sit.
444 4216 471 4267 Si
488 4231 549 4281 ergo
565 4234 656 4268 avarus
672 4222 811 4284 quantitate
823 4220 918 4284 supple
959 4221 1001 4270 nie
1017 4222 1043 4269 in
1058 4221 1223 4269 ministrando
1238 4219 1337 4268 obeunt.
1371 4220 1449 4268 Miser
1461 4220 1507 4269 Al-

369 4295 425 4354 bat,
442 4299 509 4361 quod
525 4299 609 4347 deerat
626 4299 756 4363 qualitate,
778 4301 804 4348 in
826 4315 855 4350 eo
871 4299 918 4348 sal·
960 4302 1055 4357 butius,
1073 4300 1212 4360 δύστηνος,
1224 4307 1277 4348 erat
1288 4313 1385 4357 saevus,
1396 4300 1507 4348 Naevius

369 4383 420 4425 tem
436 4383 490 4425 eret
506 4377 620 4427 liberalis.
654 4378 696 4429 Sic
712 4393 763 4429 non
774 4387 845 4428 erant
856 4380 919 4429 tales
959 4380 1077 4443 simplex,
1094 4394 1144 4443 quo
1161 4394 1263 4428 coenam
1281 4379 1425 4441 praebente,
1441 4382 1507 4429 servi

369 4457 447 4504 avari.
960 4458 1094 4515 faciebant,
1116 4460 1182 4522 quod
1206 4459 1312 4515 vellent,
1335 4459 1396 4508 adeo
1417 4465 1447 4508 ut
1467 4460 1507 4508 rel

403 4537 521 4586 Micodes
538 4539 601 4596 erit,
618 4540 662 4601 qai
677 4554 726 4587 aen
742 4539 856 4602 offendet
866 4554 918 4588 aer·
960 4554 1049 4603 equam
1067 4539 1191 4587 sordidam
1210 4537 1322 4586 convivis
1340 4539 1394 4587 dari
1410 4540 1501 4589 sineret

369 4617 452 4666 didus.
486 4617 537 4666 Pro
561 4621 606 4680 qui
629 4619 655 4666 in
677 4619 824 4682 quibusdam
842 4618 918 4670 MSS.
960 4619 1044 4669 Medio
1076 4617 1127 4666 ibat
1163 4617 1204 4666 ille
1237 4618 1302 4680 apud
1336 4617 1419 4667 Plaut.
1449 4619 1505 4668 Mil.

370 4703 423 4743 erat
439 4713 501 4759 eree,
516 4712 560 4760 pre
573 4700 687 4748 sordidus
708 4699 734 4746 in
746 4699 848 4748 vetustis
860 4700 918 4748 edit.
961 4699 1011 4748 III.
1034 4715 1051 4749 1.
1076 4699 1128 4748 150.
1165 4698 1305 4747 Sortientes
1326 4699 1446 4749 seruitute
1467 4716 1508 4762 egre
