3750 5759
375 710 436 772 172
767 698 1119 768 SATIRARUM

416 893 457 957 ln
480 891 549 956 vita
571 887 670 954 fuerit
693 887 846 952 melius.“
895 887 988 969 „Da,
1013 886 1041 951 si
1064 907 1162 970 grave
1186 905 1253 948 non
1277 887 1345 964 est,

417 994 507 1074 Quae
529 993 636 1079 prima
658 993 780 1057 iratum
803 997 952 1057 ventrem
974 989 1153 1076 placaverit
1177 991 1284 1054 esca“

415 1099 617 1184 „Inprimis
642 1099 794 1163 Lucanus
818 1119 910 1182 aper:
935 1095 1003 1160 leni
1027 1095 1092 1160 fuit
1114 1094 1239 1159 Austro

415 1203 557 1287 Captus,
583 1206 621 1266 ut
643 1200 751 1265 aiebat
773 1222 890 1266 coenae
913 1203 1023 1284 pater;
1048 1197 1134 1263 acria
1157 1197 1296 1278 circum,

414 1304 564 1390 Rapula,
588 1304 751 1386 lactucae,
775 1303 917 1384 radices,
943 1301 1053 1386 qualia
1076 1301 1202 1366 lassum

415 1407 606 1473 Pervellunt
629 1406 849 1488 stomachum,
875 1405 972 1487 siser,
997 1404 1105 1486 halec,
1130 1402 1256 1468 faecula
1281 1401 1357 1468 Ooa.

415 1512 478 1577 His
502 1511 559 1576 ubi
583 1510 722 1576 sublatis
746 1531 827 1595 puer
850 1508 915 1574 alte
939 1508 1066 1573 cinctus
1089 1528 1239 1572 acernam

415 1613 566 1699 Gausapa
589 1633 751 1698 purpureo
775 1633 924 1676 mensam
948 1611 1119 1696 pertersit,
1146 1616 1180 1675 et
1203 1610 1286 1674 alter

415 1717 567 1802 Sublegit
591 1717 818 1801 quodcumque
841 1715 960 1780 iaceret
983 1714 1120 1797 inutile,
1145 1713 1296 1800 quodque

415 1820 532 1886 Posset
554 1822 727 1885 coenantes
753 1817 931 1896 offendere3
956 1822 995 1882 ut
1017 1817 1131 1883 Attica
1155 1817 1248 1902 virgo

415 1924 499 1990 Cum
523 1923 621 1989 sacris
646 1921 770 1988 Cereris
794 1921 941 2008 procedit
963 1921 1076 1987 fuscus
1101 1921 1295 2005 Hydaspes,

414 2028 563 2095 Caecuba
585 2027 663 2092 vina
685 2027 812 2109 ferens,
837 2026 944 2091 Alcon
969 2026 1091 2092 Ohium
1114 2025 1213 2091 maris
1238 2044 1363 2108 expers.

414 2133 479 2197 Hic
500 2133 616 2197 herus:
641 2127 851 2212 ‚,Albanum,
876 2130 1065 2212 Maecenas,
1092 2129 1160 2194 sive
1184 2128 1362 2193 Falernum

411 2235 455 2299 Te
477 2233 584 2318 magis
608 2232 767 2317 appositis
792 2231 950 2310 delectat3
975 2232 1133 2296 habemus
1159 2236 1355 2315 utrumque,

413 2335 555 2400 Divitias
579 2334 714 2399 miseras
724 2335 756 2398 l“
804 2334 892 2416 „Sed
918 2335 990 2418 quis
1015 2333 1228 2398 coenantibus
1252 2354 1337 2413 una,

413 2437 585 2520 Fundani,
609 2437 744 2522 pulchre
767 2436 867 2501 fuerit
891 2436 969 2520 tibi,
993 2458 1090 2502 nosse
1114 2436 1261 2501 laboro.“

413 2541 593 2624 „Summus
617 2562 693 2625 ego,
719 2545 751 2604 et
774 2562 874 2626 prope
897 2563 950 2605 me
973 2540 1092 2605 Viscus
1116 2540 1299 2622 Thurinus,
1324 2543 1358 2603 et
1380 2535 1493 2619 infra,

413 2643 449 2709 si
471 2643 623 2726 memini,
651 2643 787 2726 Varius,
812 2664 889 2708 cum
913 2643 1052 2709 Servilio
1077 2643 1254 2708 Balatrone

410 2746 581 2829 Vibidius,
608 2768 687 2831 quos
712 2746 882 2811 Maecenas
907 2746 1088 2811 adduxerat
1111 2747 1253 2812 umbras.

411 2850 639 2915 Nomentanus
663 2853 733 2914 erat
756 2872 853 2934 snper
875 2849 1004 2934 ipsum,
1029 2850 1163 2915 Porcius
1188 2848 1292 2930 infra,

413 2953 585 3019 Ridiculus
609 2957 696 3017 totas
721 2952 820 3017 simul
843 2952 1014 3018 obsorbere
1036 2953 1222 3038 placentas:

412 3058 640 3123 Nomentanus
662 3056 703 3119 ad
723 3056 802 3138 hoc,
822 3055 897 3141 qui,
921 3056 950 3121 si
977 3057 1056 3142 quid
1073 3057 1157 3122 forte
1179 3056 1317 3136 lateret,

412 3159 524 3225 Indice
544 3163 741 3223 monstraret
766 3158 888 3242 digito:
910 3181 989 3223 nam
1010 3166 1137 3225 caetera
1162 3160 1274 3242 turba,
1365 3228 1368 3233 ,

412 3264 497 3345 Nos,
521 3262 674 3346 inquam,
698 3283 873 3327 coenamus
896 3285 971 3327 aves
992 3262 1164 3348 conchylia
1184 3263 1311 3348 pisces,

378 3404 381 3408 ss
413 3367 525 3452 Longe
549 3365 745 3430 dissimilem
768 3370 846 3430 noto
868 3366 1009 3431 celantia
1037 3389 1186 3432 succum:

400 3519 464 3567 Leni
473 3516 534 3576 fait
551 3521 639 3563 austra
671 3515 776 3576 Captus.
806 3514 914 3577 Elegan-
957 3517 978 3565 1.
997 3531 1014 3566 1.
1033 3518 1073 3567 68.
1102 3519 1192 3566 Nimia
1208 3519 1515 3582 estattsertapatetram

367 3597 428 3645 tius:
446 3597 497 3645 leni
513 3596 554 3642 hic
563 3594 624 3654 fait
640 3599 729 3641 austra
739 3600 836 3655 captas.
864 3595 915 3642 Na·
957 3610 1008 3644 esse
1026 3598 1147 3644 teatinam
1163 3598 1248 3644 atara.

367 3675 474 3724 sidienue
503 3673 574 3737 quasi
601 3673 679 3734 digito
706 3679 836 3721 monstrat.
876 3674 916 3721 Ita
991 3677 1104 3723 Pulchre
1106 3671 1199 3737 faerit.
1221 3675 1327 3724 Plautus
1339 3676 1446 3726 Merca-t.
1456 3676 1512 3726 ΠΙ.

366 3755 538 3803 Nomentanus
555 3768 591 3800 vs.
608 3752 648 3799 45.
665 3753 688 3799 st
704 3752 765 3814 qnid
773 3755 915 3814 sortelate-
957 3766 997 3800 111.
1014 3753 1054 3801 21.
1084 3754 1372 3813 Germanicarum,
1398 3756 1514 3818 pulchre

366 3840 406 3882 ret
423 3835 512 3882 Indice
528 3833 685 3881 monstrabat
702 3832 788 3891 dipito.
957 3836 986 3878 at
994 3834 1081 3880 sintae.
1088 3832 1264 3884 Petroniualo.
1271 3835 1433 3882 Inveniemus
1441 3837 1514 3896 quod

399 3913 517 3960 Divitiae
534 3913 645 3958 miseras.
673 3909 837 3965 Nasidienus,
852 3908 915 3957 falsa
956 3911 1145 3968 pranderemus,
1162 3913 1271 3973 pallum,
1285 3927 1338 3961 ova.
1358 3913 1433 3961 Belle
1448 3915 1510 3962 erit.

366 3991 487 4039 modestia
507 3989 641 4052 superbus,
661 3988 722 4036 vina
743 3988 850 4050 pretiosa
872 4003 914 4036 ex·
992 3989 1059 4036 Nam
1080 3994 1180 4038 caetera
1202 3993 1278 4040 turba
1308 3991 1371 4049 Noe,
1388 3993 1510 4053 taquam,

367 4077 460 4119 tenuat.
504 4068 583 4116 Dives
610 4083 666 4115 sum
697 4068 824 4129 utriusque
852 4067 913 4126 vini,
956 4080 1086 4114 coenamus
1103 4082 1161 4115 aces
1173 4071 1303 4131 conchylia
1313 4071 1405 4132 pisces,
1424 4071 1512 4133 Lonqc

366 4152 409 4200 sed
431 4148 502 4212 parvi
519 4147 582 4195 facio
598 4148 701 4196 miseras
721 4145 860 4194 istiusmodi
878 4146 913 4192 di·
955 4146 1099 4193 dissitatilem
1116 4152 1174 4194 noto
1190 4150 1301 4197 celantia
1316 4163 1426 4198 saccum.
1447 4149 1510 4198 Non

365 4229 449 4288 vitias,
471 4243 532 4290 quas
558 4227 671 4275 nonnulli
697 4227 758 4274 adeo
782 4225 913 4273 mirantur.
955 4238 1005 4270 una
1016 4237 1056 4271 me
1067 4223 1199 4274 difficultas
1211 4227 1237 4274 in
1245 4227 1283 4275 his
1295 4233 1415 4276 moratur.
1432 4229 1509 4277 Nasi-

367 4307 472 4357 Plautus
484 4306 592 4355 Militem
602 4305 736 4368 gloriosum
745 4304 819 4352 simili
830 4318 913 4366 super·
955 4304 1042 4352 dianus
1060 4310 1084 4352 et
1095 4304 1267 4354 Nomentanus
1280 4312 1359 4354 artem
1370 4320 1508 4365 coenarum

366 4386 407 4434 bia
423 4393 533 4434 utentem
550 4385 621 4443 facit,
637 4392 666 4433 nt
683 4385 737 4444 IV,
754 4399 782 4433 11.
800 4384 845 4441 64,
870 4384 913 4435 ubi
955 4382 1001 4431 soli
1017 4383 1146 4444 tenebant,
1163 4385 1280 4434 habentes
1297 4392 1322 4434 et
1339 4385 1451 4449 palatum
1467 4403 1507 4438 sa·

365 4465 620 4524 servo,vehementer
630 4464 754 4512 laudanti:
773 4466 834 4512 Hea
847 4466 913 4512 Her·
955 4462 1148 4524 pientissimum,
1175 4472 1199 4513 et
1221 4465 1393 4514 Nomentanus
1415 4467 1507 4532 funge-

365 4546 402 4592 cle
417 4545 515 4592 odiosas
532 4548 586 4592 res!
606 4551 630 4592 ct
647 4558 683 4591 vs.
701 4543 741 4594 71.
776 4544 835 4590 Nan
851 4544 914 4590 mitt
956 4543 1027 4590 batur
1060 4546 1131 4607 quasi
1162 4560 1267 4594 munere
1304 4545 1505 4598 nomenclatoris.

366 4624 478 4671 acauritta
494 4639 600 4685 mquam
617 4625 708 4672 intrata
724 4628 768 4670 est.
797 4623 868 4670 Satis
878 4628 915 4670 est
955 4623 1065 4686 Uterque
1091 4624 1166 4686 probe
1183 4624 1273 4673 sciebat
1296 4626 1417 4688 quomodo
1439 4627 1507 4689 quis-

366 4702 522 4750 divittarum.
555 4701 625 4750 Idem
649 4702 698 4748 iam
720 4701 750 4749 dc
771 4715 797 4748 se
817 4700 914 4748 dixerat
934 4739 936 4777 Ι
955 4717 1002 4763 que
1028 4703 1096 4750 cibus
1124 4711 1187 4753 esset
1211 4704 1365 4767 compositus.
1399 4704 1507 4757 Caetera
