3750 5759
718 961 768 1046 Q.
799 957 1036 1033 HORATll
1067 954 1262 1029 FLACCI

612 1205 1370 1310 SATIRARUM

780 1477 919 1541 LIBER
944 1473 1193 1543 SECUNDUS.

885 1705 1080 1730 -omct—

835 1909 1053 1974 SATIRA
1101 1909 1125 1972 I.

504 2118 540 2169 „r
556 2090 632 2168 unt,
658 2085 776 2170 quibus
800 2085 834 2149 iu
859 2084 960 2150 satira
982 2085 1094 2150 videor
1116 2085 1215 2150 nimis
1239 2106 1311 2150 acer
1334 2089 1368 2149 ei
1390 2085 1481 2149 ultra

458 2191 581 2275 Legem
604 2189 736 2255 bendere
759 2211 856 2274 opus3
882 2189 954 2254 sine
977 2188 1086 2255 nervis
1110 2189 1231 2272 altera,
1256 2187 1419 2274 quidquid

458 2292 654 2378 Composui,
679 2315 754 2379 pars
778 2314 849 2358 esse
872 2297 985 2378 putat,
1013 2293 1203 2379 similesque
1225 2314 1372 2358 meorum

456 2396 550 2462 Mille
573 2396 626 2462 die
648 2419 761 2463 versus
785 2397 901 2463 deduci
923 2419 1029 2482 posse.
1077 2397 1224 2481 Trebati,

457 2497 544 2578 Quid
556 2501 685 2586 faciam,
698 2502 914 2588 praescribe.“
941 2502 1155 2585 „Quieseas.“
1182 2503 1255 2586 „Ne
1269 2500 1400 2584 faniam,
1413 2499 1538 2586 inquis,

456 2601 599 2669 Omnino
623 2607 779 2671 versus?“
828 2604 950 2688 „Aio.“
999 2605 1158 2689 „Persam
1179 2605 1283 2688 male,
1309 2603 1430 2669 sinon

455 2704 626 2791 Optimum
650 2713 733 2774 erat:
758 2730 870 2774 verum
894 2731 1019 2795 nequeo
1043 2708 1217 2775 dormire.“
1265 2708 1348 2793 „Ter
1370 2708 1463 2773 unoti

453 2809 657 2878 Transnanto
680 2811 841 2896 Tiberim,
866 2834 981 2879 somno
1006 2812 1124 2899 quibus
1148 2817 1199 2878 est
1222 2834 1303 2898 opus
1327 2811 1412 2894 alio,

455 2913 684 3002 Irriguumque
706 2938 796 2982 mero
819 2917 881 2982 sub
904 2920 1036 2981 noctem
1059 2937 1175 3002 eorpus
1198 2915 1350 2981 habenlo

451 3017 537 3101 Aut,
562 3019 591 3084 si
614 3024 728 3084 tentus
752 3041 844 3084 amor
867 3019 1031 3085 scribendi
1055 3024 1087 3085 te
1110 3019 1215 3106 rapit,
1239 3018 1323 3084 aude

455 3120 602 3186 Caesaris
626 3121 742 3188 invicti
765 3144 815 3188 res
840 3123 963 3206 dicere,
988 3123 1095 3189 multa
1116 3123 1267 3188 laborum

453 3223 603 3290 Praemia
624 3225 786 3291 laturus.“
835 3225 1043 3311 „Oupidum‚
1067 3232 1160 3313 pater
1184 3225 1323 3311 optime,
1347 3225 1433 3290 vires

451 3327 638 3394 Deficiunt:
663 3351 767 3416 neque
790 3329 879 3395 enim
902 3329 1010 3417 quivis
1034 3330 1200 3395 horrentia
1221 3329 1300 3415 pilis

450 3431 612 3516 Agmina,
637 3455 697 3498 neo
719 3433 825 3500 fracta
847 3439 1019 3520 pereuntes
1043 3434 1178 3520 cuspide
1207 3433 1321 3499 Gallos

585 3597 724 3648 SATIRA
748 3599 770 3647 I·
1028 3573 1125 3620 Fracta
1151 3574 1284 3634 pereuntes
1312 3571 1416 3631 cuspius
1447 3570 1547 3621 Gallos.

994 3647 1192 3699 Commentator:
1219 3664 1285 3712 „qua
1317 3647 1462 3698 vulneratus
1491 3659 1547 3700 erat

445 3695 551 3777 Verum
567 3743 659 3790 nequeo
675 3728 790 3777 dormire.
816 3729 899 3778 Tanta
909 3744 952 3777 eu·
993 3729 1083 3788 hostis,
1099 3738 1128 3779 ut
1143 3729 1281 3794 Virgilius:
1303 3730 1343 3776 Et
1358 3730 1427 3778 uenit
1443 3731 1547 3779 aduersi

405 3807 508 3869 piditsts
530 3820 648 3855 versuum
673 3806 839 3855 faciendorum
864 3810 952 3869 ardeo,
992 3811 1021 3858 iu
1037 3816 1134 3873 tersum
1152 3811 1280 3859 Sulmonis
1290 3809 1372 3870 ibique
1391 3809 1544 3872 Fruuqitur.

403 3892 431 3933 ut
447 3886 554 3934 dormire
570 3898 619 3933 non
636 3885 727 3948 possim
744 3887 813 3949 prius
823 3903 898 3952 quam
909 3904 950 3938 ou·
992 3888 1034 3936 Ex
1051 3889 1152 3938 historia
1168 3890 1198 3937 ds
1215 3889 1296 3938 Mario
1312 3888 1359 3936 hoe
1373 3894 1544 3938 sumtumest.

407 3965 534 4033 piditutem
560 3964 633 4012 istam
660 3964 768 4027 quotidie
793 3966 951 4028 expleverim.
991 3969 1058 4017 Nam
1079 3970 1174 4018 Marius
1197 3970 1315 4017 adversus
1342 3966 1465 4017 Santonas
1482 3968 1544 4018 teliu

403 4043 516 4094 Juvenal.
539 4042 612 4093 Satir.
633 4043 687 4091 III.
708 4044 765 4096 278.
799 4046 899 4095 Ebrius
920 4063 950 4098 ae
990 4048 1041 4096 tels
1057 4056 1208 4097 oommentus
1229 4055 1279 4108 est,
1304 4053 1333 4094 ut
1357 4045 1437 4095 fractu
1460 4048 1542 4098 mitis-

398 4126 531 4187 perulam,
558 4125 602 4186 qui
629 4124 729 4172 nullum
750 4123 824 4188 forte
848 4129 949 4186 cecidit,
990 4135 1088 4186 rentur,
1105 4143 1137 4177 ne
1148 4129 1240 4177 remitti
1251 4128 1283 4176 ab
1293 4124 1403 4175 hostibus
1414 4132 1541 4188 possent.“

401 4205 578 4267 Desinemus,
603 4207 698 4252 nortem
718 4206 820 4266 patitur
842 4207 951 4269 iuuentis
990 4206 1086 4256 Versus
1102 4207 1205 4271 Virgilii
1221 4214 1278 4256 sunt
1294 4207 1361 4256 Aen.
1373 4205 1422 4254 IX.
1435 4206 1493 4256 410.
1503 4221 1540 4272 sq.

400 4285 509 4332 amisum
538 4283 656 4342 Pelidae,
684 4285 761 4332 cubat
787 4287 816 4333 iu
837 4284 949 4348 sociem,
990 4292 1040 4335 toto
1056 4289 1178 4336 eouuisus
1193 4286 1404 4352 corporesmum
1421 4286 1540 4337 Couiicit.

397 4378 455 4412 usos
470 4365 558 4412 dando
573 4364 696 4424 sunium:
722 4363 791 4427 Eryo
807 4379 856 4413 uon
872 4366 950 4414 aliter
990 4367 1078 4414 Hosto
1102 4369 1188 4415 volans
1212 4368 1292 4416 noctu
1316 4366 1460 4414 disierberot
1484 4382 1539 4415 um·

396 4444 492 4504 poterit
507 4445 622 4492 dornrire.
660 4442 819 4501 Quibusdam
834 4457 949 4493 soranum
989 4448 1046 4494 brus
1066 4448 1103 4494 Et
1119 4448 1188 4496 seuit
1204 4447 1303 4496 aduersi
1318 4446 1346 4492 in
1362 4449 1460 4505 tersum
1479 4446 1539 4495 Sul·

399 4523 458 4570 risa
468 4522 548 4585 fauit.
581 4522 617 4572 Ut
638 4521 736 4570 Horatii
755 4521 836 4570 locum
858 4522 894 4570 its
909 4537 948 4570 se-
988 4525 1168 4588 mouis,ioiqus
1181 4527 1334 4588 Frauyitur,
1353 4523 1539 4586 aefissotrau·

399 4601 532 4664 oipiamus,
548 4602 635 4650 suadet
652 4615 687 4649 vs.
709 4602 746 4651 10.
781 4602 832 4651 Sed
850 4603 874 4650 si
892 4607 947 4651 tou·
987 4604 1023 4652 sit
1047 4608 1195 4666 praecordia
1224 4608 1296 4668 liquo.
1338 4603 1434 4652 Eodem
1462 4605 1539 4654 modo

400 4687 442 4729 tus
459 4696 529 4729 orirer
544 4681 668 4731 scribendi
685 4686 709 4729 te
726 4682 804 4743 rupit.
988 4682 1053 4732 Galli
1071 4692 1174 4747 pereunt
1186 4701 1201 4733 s
1213 4685 1344 4742 Romanis,
1356 4683 1454 4732 hastam
1466 4691 1538 4734 tanta
