3750 5759
803 695 985 761 LIBER
1031 696 1074 760 ΙΙ.

1441 697 1503 761 155

416 882 549 968 Semper
572 880 635 946 eris
659 880 823 945 derisorl“
871 880 941 963 „At
964 902 1077 945 omnes
1102 877 1136 944 di
1159 880 1328 966 exagitent
1348 904 1417 966 me,

415 987 451 1052 si
474 986 686 1072 quidquam.“
735 975 867 1068 „Quid?
890 984 1053 1050 militibus
1076 985 1238 1071 promissa
1260 986 1427 1072 Triquetra

414 1090 551 1156 Praedia
575 1091 694 1156 Cacsar
717 1112 758 1153 an
782 1096 833 1154 est
856 1089 943 1154 Itala
965 1089 1082 1155 tellure
1105 1089 1288 1156 daturus?“

415 1195 581 1260 Iurantem
605 1217 658 1259 me
681 1194 763 1260 scire
786 1194 886 1277 nihil,
910 1193 1091 1275 mirantur,
1115 1201 1153 1259 ut
1175 1216 1279 1260 unum

415 1298 547 1363 Scilicet
568 1297 691 1383 egregii
714 1298 887 1362 mortalem
910 1297 1034 1383 altique
1059 1298 1179 1364 silenti.

416 1403 567 1468 Perditur
589 1403 668 1467 haec
692 1402 778 1467 inter
800 1401 918 1467 misero
942 1402 1017 1485 luX,
1041 1424 1108 1467 non
1133 1403 1203 1469 sine
1226 1404 1329 1470 votis:

416 1503 536 1572 Orusi
562 1505 691 1592 quando
714 1527 775 1590 ego
799 1510 831 1570 te
855 1505 1051 1590 adspiciam,
1077 1507 1270 1593 quandoque
1292 1507 1420 1604 licebit,

372 1696 419 1744 risi
436 1696 546 1744 dolorem
568 1695 731 1744 dissimulant.
765 1695 798 1744 In
813 1690 919 1744 Luciani

369 1773 488 1823 Timone.
505 1775 544 1823 46.
579 1774 617 1823 ἀεὶ
640 1774 823 1838 φιλοσκώμμων
846 1775 919 1838 σύγε,

367 1855 501 1917 respondet
530 1854 651 1912 Gnatho„
677 1853 813 1917 appellatus
838 1853 919 1902 vultu·

367 1949 429 1983 rum
446 1937 626 1991 voracissimus.

405 2015 536 2064 Militibus
550 2016 675 2078 promissa
689 2015 827 2076 Triquetra
839 2015 920 2063 Prae-

367 2093 416 2140 aia
435 2093 544 2152 Caesar,
566 2110 601 2142 aa
617 2098 655 2142 est
679 2094 754 2140 Itala
771 2095 861 2142 tellure
876 2095 921 2142 due

368 2176 461 2220 turus?
495 2172 692 2223 commentator:
710 2170 844 2228 „militibus
856 2185 920 2220 eme·

368 2251 425 2299 ritis
443 2251 483 2300 vel
499 2252 604 2300 dabatur
627 2251 779 2313 stipendium
801 2264 834 2299 ex
851 2266 918 2299 aera-

369 2331 421 2389 rio,
439 2331 480 2380 vel
496 2332 687 2394 assignabantur
708 2331 776 2394 agri,
798 2346 859 2394 quos
880 2347 918 2380 co-

368 2410 476 2459 lerent.“
511 2411 617 2474 Singula
631 2413 740 2471 praedia
750 2412 805 2472 agri
816 2412 919 2459 modum

368 2490 607 2554 complectebantur,
636 2490 678 2538 hie
705 2490 837 2549 maiorem,
867 2491 920 2539 illic

368 2570 504 2627 minorem,
521 2585 566 2632 pro
583 2571 721 2619 conditione
738 2584 919 2632 possessorum,

368 2649 450 2697 multa
466 2657 549 2696 antem
566 2649 667 2712 praedia
689 2649 772 2698 Sicula
788 2650 918 2698 immensos

368 2727 432 2775 fines
449 2728 585 2789 habebant,
603 2731 737 2792 Augustus
749 2729 861 2792 promisit
873 2730 918 2777 mi-

368 2807 467 2868 litibus,
482 2825 543 2872 ergo
559 2811 672 2874 promisit
689 2825 715 2858 se
732 2811 825 2858 viritim
842 2823 872 2856 ea
882 2808 917 2856 di·

369 2889 491 2937 viaurum.
526 2890 600 2939 Unde
625 2904 715 2953 quaeso
739 2897 777 2938 tot
791 2889 918 2951 praedia?

369 2969 493 3031 Legimus
510 2970 535 3018 in
554 2969 655 3020 Sueton.
673 2968 772 3018 Caesar.
790 2969 831 3016 26.
849 2968 879 3015 de
890 2967 918 3015 li-

369 3048 499 3098 beralitate
515 3049 589 3096 buius
606 3063 667 3112 erga
688 3049 791 3096 milites:
816 3049 919 3110 siupula

368 3129 498 3177 interdura
515 3130 641 3191 raauet'pia
657 3134 682 3176 et
697 3129 805 3190 praedia
822 3127 926 3193 uiritim,

369 3209 446 3258 dedit.
480 3208 639 3271 Oudendorp.
650 3208 815 3257 coniecturam
832 3207 919 3256 Ursini

369 3296 395 3337 et
420 3288 526 3337 aliorum
542 3296 609 3337 recte
633 3288 744 3336 laudavit
768 3304 799 3335 ea
813 3290 918 3349 praeda.

369 3367 535 3417 Ruhnkenius
553 3375 667 3416 annotat:
689 3368 794 3426 „Fidem
811 3367 919 3426 excedit,

369 3447 503 3498 Caesarem
523 3454 560 3496 tot
576 3447 687 3496 millibus
704 3447 833 3495 hominum
849 3461 919 3509 prae·

368 3527 413 3576 dia
429 3529 520 3576 viritim
537 3528 657 3576 divisisse.
691 3527 725 3574 Et
742 3526 808 3572 unde
822 3531 918 3572 tantam

370 3608 528 3670 praediorum
543 3607 640 3670 copiam
656 3606 812 3654 habuisset?“
846 3605 919 3666 Quod

370 3700 459 3735 rernm
477 3694 514 3735 cst
530 3687 556 3734 in
574 3684 693 3743 Caesare,
715 3699 801 3733 verum
818 3692 867 3743 est,
892 3685 919 3732 ni

371 3766 458 3827 fallor,
474 3768 500 3815 in
511 3767 637 3830 Augusto.
661 3766 781 3814 Horatius
792 3765 919 3828 scripsisse

370 3847 481 3895 ridetur:
507 3847 638 3895 Militiam
661 3847 787 3907 promissa
814 3845 918 3906 Trique-

371 3932 416 3976 tra
440 3928 564 3976 Praemia
591 3925 699 3983 Caesar,
723 3939 758 3972 arr
782 3928 818 3971 est
843 3923 918 3971 Itala

371 4009 460 4057 tellure
480 4005 612 4055 daturus?
644 4003 773 4054 Promissa
790 4003 918 4064 praemia,

370 4101 435 4151 quae
452 4088 554 4135 daturus
571 4092 646 4143 esset,
664 4085 716 4132 sive
733 4084 759 4131 in
771 4081 856 4131 Sicilia
866 4081 919 4128 sive

371 4168 398 4215 in
414 4165 503 4225 Italia,
519 4174 578 4215 sunt
595 4167 665 4226 apri,
691 4163 775 4225 aliqua
799 4175 919 4225 agrorum

370 4247 459 4310 portio,
475 4246 562 4308 iugera
578 4243 682 4306 aliquot,
699 4257 732 4290 ex
747 4241 852 4305 praediis
868 4254 918 4288 me·

371 4332 437 4384 tata,
460 4339 510 4373 non
527 4331 579 4371 tota
601 4322 710 4386 praedia.
743 4323 867 4369 Praemia
888 4320 918 4368 si-

372 4405 491 4467 gnificant
516 4417 589 4451 omne
606 4415 684 4464 genus
702 4400 831 4448 commoda
856 4400 918 4448 mili·

371 4485 421 4533 tiae
436 4484 565 4540 emeritae,
582 4482 742 4537 missionum,
763 4493 836 4541 agros
852 4479 916 4527 mili-

371 4563 437 4612 tibus
449 4564 475 4611 in
488 4564 596 4626 praemia
608 4562 756 4624 adsignatos.
790 4559 857 4609 Veli.
870 4561 918 4608 Pa·

372 4651 430 4693 tere.
446 4644 483 4692 ΙΙ.
500 4643 540 4693 74.
557 4642 584 4690 iu
600 4643 685 4691 eadem
701 4639 752 4689 fere
769 4655 855 4689 caussa
866 4655 917 4689 oor-

372 4732 460 4788 ruptns
477 4730 525 4772 est:
552 4724 651 4787 Quippe
668 4723 698 4770 L.
716 4721 843 4770 Antonius
862 4721 917 4772 Cos.

959 1697 1079 1745 vitiorum
1088 1698 1187 1759 fratris
1202 1697 1242 1744 rui
1258 1711 1369 1755 eaamrs,
1391 1699 1436 1746 scd
1456 1697 1505 1746 vir·

960 1781 1056 1833 tutum,
1082 1792 1145 1840 quae
1161 1778 1289 1825 interdura
1310 1778 1337 1825 ia
1359 1778 1403 1826 iilo
1419 1784 1507 1836 eram,

958 1870 1060 1916 erpere,
1078 1859 1148 1906 modo
1165 1859 1235 1919 apud
1250 1862 1379 1906 uetermws
1389 1857 1507 1906 ammina-

959 1940 1001 1982 tus
1021 1935 1169 1995 Caesarem,
1185 1938 1256 1986 ruodo
1271 1952 1323 1995 eos,
1334 1936 1378 2000 qui
1389 1939 1459 1986 iusta
1469 1939 1509 1986 di·-

959 2015 1052 2063 aisioae
1067 2018 1242 2078 praediorum,
1253 2018 1436 2080 nominatisque
1446 2018 1507 2066 eolo

959 2094 999 2142 rtis
1010 2109 1082 2157 apros
1093 2097 1244 2152 amuaaut,
1262 2098 1296 2145 ad
1306 2112 1377 2146 arma
1388 2098 1509 2158 maeres,

959 2189 1076 2233 mapuum
1101 2177 1238 2224 exercitum
1263 2175 1423 2238 conflaverat.
1462 2175 1507 2225 Os·

959 2252 1027 2300 tendi
1043 2253 1136 2314 locum,
1162 2254 1184 2302 si
1208 2254 1264 2317 qais
1289 2255 1419 2303 emendare
1439 2255 1507 2308 sciat.

959 2332 1104 2394 Lipsianum
1120 2335 1229 2392 iniusta,
1252 2333 1416 2382 Heinsianum
1437 2336 1508 2384 iussa

958 2411 1111 2461 Ruhnkenio
1122 2427 1172 2460 non
1184 2411 1270 2475 placet.
1296 2414 1506 2464 Ruhnkenianum

957 2492 1078 2538 instituta
1096 2505 1146 2539 non
1163 2506 1252 2540 rernm
1267 2499 1334 2555 puto.

984 2571 1110 2617 Perditur
1120 2572 1179 2619 haec
1187 2574 1254 2620 iuter
1262 2574 1351 2621 misero
1361 2574 1414 2621 lux.
1424 2573 1505 2622 Lach-

957 2662 1063 2696 mannus
1079 2650 1111 2696 ad
1128 2650 1274 2699 Lucretium
1284 2667 1341 2714 pag.
1356 2653 1410 2702 121.
1421 2656 1504 2714 perdi·

958 2733 1002 2775 tur
1018 2727 1141 2776 soloeenm
1158 2743 1210 2777 esse
1226 2736 1291 2778 reete
1308 2731 1412 2787 iudicat,
1429 2739 1454 2780 et
1471 2733 1505 2782 le·

958 2807 994 2869 git
1009 2810 1139 2869 porpttur,
1162 2808 1208 2857 hcc
1224 2816 1274 2868 est,
1298 2809 1345 2857 lux
1369 2810 1430 2858 mihi
1455 2811 1506 2860 lon·

958 2888 1012 2949 gior
1029 2888 1152 2946 redditur,
1177 2896 1205 2936 nt
1230 2889 1304 2940 Ovid.
1330 2890 1433 2939 Metam.
1456 2892 1505 2941 IV.

960 2965 1013 3013 199.
1030 2966 1075 3026 ubi
1092 2967 1148 3028 Sol,
1164 2969 1309 3018 Leuconois
1321 2984 1405 3018 amore
1418 2978 1504 3034 captus

959 3047 1034 3094 horas
1055 3047 1180 3096 brueroles
1198 3050 1321 3110 porrigit,
1343 3063 1392 3111 quo
1413 3049 1505 3099 diutius

959 3123 1028 3173 illam
1053 3134 1181 3189 spectaret.
1216 3127 1259 3177 Sol
1283 3128 1362 3191 igitur
1385 3129 1432 3178 hoe
1456 3145 1506 3178 non

958 3202 1076 3267 figurate,
1093 3208 1135 3254 sed
1153 3220 1211 3255 vere
1228 3206 1294 3264 fecit,
1319 3213 1344 3256 et
1360 3223 1406 3256 sua
1429 3209 1506 3273 ipsius

959 3298 1060 3343 caussa,
1078 3286 1104 3332 in
1120 3301 1147 3334 re
1164 3286 1277 3349 optabili,
1302 3287 1374 3336 sicuti
1399 3303 1422 3337 v.
1444 3305 1465 3338 c.
1482 3296 1507 3338 et

959 3363 1063 3427 Iupiter
1079 3379 1136 3413 cum
1164 3366 1225 3413 duas
1254 3373 1337 3415 noctes
1363 3368 1506 3430 copulabat,

959 3442 1033 3491 horas
1058 3443 1211 3506 geminabat,
1239 3450 1267 3491 nt
1295 3444 1415 3494 Hercules
1440 3448 1505 3494 nasci

958 3530 1050 3585 posset:
1074 3538 1123 3586 qua
1139 3531 1210 3571 nocte
1226 3530 1310 3573 tamen
1328 3524 1409 3574 Sosiae
1426 3526 1453 3574 in
1471 3527 1505 3574 fa-
1569 3559 1571 3564 -

959 3600 1018 3649 bula
1033 3603 1218 3666 Amphitruone
1234 3603 1329 3651 nullam
1341 3604 1404 3653 vidit
1414 3607 1507 3668 loupia-

959 3699 1023 3741 rem,
1048 3699 1124 3745 quam
1146 3700 1202 3733 eum
1223 3686 1369 3735 uerbmtus
1387 3688 1506 3748 pepende

958 3766 1009 3808 rat.
1042 3761 1110 3811 Illud
1120 3762 1249 3826 ingratum
1260 3766 1340 3828 magis
1351 3773 1506 3826 cerneretur,

957 3840 978 3888 si
994 3841 1112 3890 Horatius
1123 3843 1272 3906 scripsisset:
1305 3845 1379 3895 Haec
1388 3849 1458 3908 perit
1468 3848 1505 3896 ia·

958 3927 1027 3969 terea
1051 3923 1140 3972 misero
1165 3924 1218 3972 lua.
1257 3924 1313 3973 Hoc
1340 3931 1388 3973 est:
1413 3925 1507 3974 interea

958 4001 1021 4049 hanc
1037 4001 1118 4050 lucem
1134 4004 1222 4066 perdo,
1239 4010 1267 4051 ut
1284 4003 1357 4052 Titus
1374 4006 1439 4053 diem
1450 4022 1505 4068 per-

958 4082 1043 4140 debat,
1068 4082 1088 4129 si
1112 4082 1175 4131 nihil
1199 4083 1314 4146 cuiquam
1338 4082 1505 4146 praestitisset.

958 4160 1060 4209 Dictum
1082 4163 1189 4210 imitatos
1210 4163 1374 4225 Imperatores
1392 4162 1418 4210 in
1438 4163 1504 4225 prin-

957 4241 1022 4304 cipio
1038 4240 1144 4290 constit.
1168 4243 1198 4289 de
1215 4242 1312 4304 patrim.
1334 4242 1373 4290 rei
1388 4243 1453 4290 dom.
1470 4241 1505 4290 af·

958 4319 1005 4370 fert
1021 4320 1196 4371 casaubonus:
1215 4323 1281 4368 diem
1294 4323 1402 4383 periisse
1416 4323 1507 4384 praem

958 4403 1032 4450 dubio
1047 4403 1217 4463 suspicentur,
1240 4415 1311 4462 quem
1328 4400 1410 4448 nostri
1426 4401 1506 4449 rumi-

958 4481 997 4528 ais
1013 4480 1185 4543 rnunr'ficeutia
1201 4494 1250 4527 aon
1269 4479 1394 4527 illustrat.
1428 4479 1504 4528 Iuve-

958 4560 1008 4608 nal.
1026 4559 1099 4610 Satir.
1117 4559 1166 4609 ΠΙ.
1186 4558 1239 4608 123.
1250 4560 1382 4622 perierunt
1393 4564 1506 4623 tempora

959 4642 1024 4703 ioupi
1054 4642 1165 4690 Seruitii.
1183 4638 1257 4689 Conf.
1274 4637 1341 4688 Cart.
1363 4640 1395 4688 ad
1412 4641 1505 4693 Lucan.

959 4720 1008 4768 111.
1026 4721 1082 4771 706.
