3750 5759
369 674 430 736 176

760 668 1111 736 SATIRARUM

411 859 460 924 Ut
482 859 594 937 mod03
620 859 648 924 si
671 858 819 944 patinam
842 859 925 943 pede
948 858 1060 943 lapsus
1084 857 1216 941 frangat
1239 877 1347 942 agaso.

411 962 474 1028 Sed
497 962 732 1045 convivatoris,
757 962 808 1027 uti
831 963 939 1045 dacia,
964 961 1134 1046 ingenium
1159 982 1209 1025 res

410 1065 574 1131 Adversas
598 1067 720 1131 nudare
744 1066 870 1149 solent,
890 1065 994 1130 celare
1018 1064 1213 1129 secundae.“

408 1171 606 1237 Nasidienus
630 1173 791 1237 adhaec:
817 1171 911 1254 „Tibi
936 1170 992 1254 di,
1018 1188 1240 1254 quaecumque
1263 1165 1425 1251 preceris,

410 1273 591 1340 Commoda
614 1276 710 1340 dent:
735 1276 783 1339 ia
806 1274 982 1339 virbonus
1007 1294 1041 1338 es
1066 1271 1267 1355 convivaque
1289 1269 1433 1335 oomis:“

409 1377 455 1442 Et
478 1377 582 1443 soleas
607 1378 722 1464 poscit.
770 1380 852 1443 Tum
873 1377 911 1453 ¹in
934 1377 1018 1441 lecto
1043 1396 1170 1461 quoque
1193 1374 1319 1439 videres

411 1480 553 1546 Stridens
576 1487 699 1547 secreta
722 1482 845 1547 divisos
869 1502 945 1545 aure
969 1481 1153 1544 susurros“

363 1666 467 1709 unctum
483 1668 559 1725 atque
575 1664 674 1711 lautum
690 1679 704 1712 e
720 1664 813 1713 balneis
839 1662 909 1711 Otio-

363 1755 420 1788 eum
436 1742 468 1789 ab
485 1742 584 1789 anieno?
605 1757 683 1803 quum
705 1743 788 1790 illest
804 1756 867 1789 eura
885 1747 910 1789 et

363 1824 449 1867 sumtu
470 1821 620 1868 absumitur.
654 1820 694 1868 De
719 1819 844 1868 infinitivo
861 1820 909 1867 isto

363 1899 436 1948 multi
452 1899 542 1947 multa:
559 1900 616 1948 vide
632 1902 706 1950 modo
724 1900 792 1950 Cort.
811 1902 842 1948 ad
859 1901 910 1949 Lu·

363 1994 417 2029 can.
434 1980 468 2029 V.
486 1981 542 2029 695.
560 1987 584 2029 et
599 1981 729 2030 Heindorf.
746 1982 778 2029 ed
795 1979 871 2030 Satir⁴
889 1982 910 2030 Ι.

363 2073 401 2108 rx.
419 2061 458 2112 72.
492 2059 603 2108 Librarii
618 2075 691 2123 saepe
707 2063 733 2109 in
750 2062 911 2109 indicativum

362 2145 545 2187 converterunt.
562 2139 739 2189 Emendandus
751 2157 776 2189 v.
785 2156 807 2189 c.
819 2139 911 2203 Virgil.

363 2219 449 2282 Eclog.
466 2220 515 2268 IX.
530 2221 567 2272 17.
601 2223 676 2269 Heu!
694 2223 819 2269 cadmia
831 2236 913 2283 quem-

363 2312 439 2359 quam
456 2303 556 2346 tontum
572 2300 668 2346 scelus!
684 2299 728 2346 ubi
743 2313 811 2346 nuno
820 2298 912 2359 legitur

362 2378 438 2423 cadit.
472 2376 567 2424 Mirum
579 2378 652 2436 adeo,
672 2378 802 2440 Angelum
814 2379 911 2426 Maium

363 2453 484 2502 Frontoni
499 2472 523 2518 p,
535 2457 591 2504 403.
608 2465 663 2519 post
675 2460 773 2506 decerta
784 2457 913 2506 intrusisse

363 2547 379 2578 a
395 2548 440 2581 suo
455 2536 584 2595 parsuit.
618 2534 667 2584 Sed
685 2541 750 2593 totus
776 2536 822 2584 iste
843 2536 912 2583 locus

364 2610 448 2658 afferri
476 2621 592 2669 meretur,
619 2614 677 2676 quia
696 2621 811 2676 corrupta
839 2627 911 2675 quae·

365 2691 423 2738 dam
440 2692 466 2738 in
483 2706 512 2739 eo
529 2698 599 2739 sunt:
634 2695 690 2741 Hoc
703 2695 768 2740 idem
778 2698 846 2740 recte
855 2708 912 2754 pro·

366 2771 446 2818 rasum
462 2776 511 2828 est,
527 2773 550 2818 si
560 2772 623 2832 fato
640 2776 732 2819 cuncta
749 2772 861 2818 bumaria
873 2773 911 2820 de-

366 2855 512 2898 cernuntur.
530 2850 828 2911 Hoociuesatodecerui?
846 2851 912 2899 Nul-

366 2931 419 2977 lum
439 2944 496 2991 erpo
512 2930 579 2977 inter
596 2930 668 2977 bonos
685 2944 715 2976 oc
732 2929 810 2975 malos
824 2929 912 2991 sortu-

366 3022 460 3054 aarum
481 3008 616 3056 discrimen
636 3009 704 3054 erit?
744 3008 826 3054 Nullo
846 3010 911 3064 dies,

366 3088 439 3134 nulia
453 3086 523 3149 satis
542 3087 705 3143 diiudicatio,
728 3089 799 3149 quali
814 3088 868 3135 viro
877 3089 912 3149 fi-

366 3166 418 3213 lius
437 3167 578 3228 eripiatur?
611 3165 660 3213 Hic
680 3165 777 3225 Maius,
798 3173 826 3213 ut
847 3167 913 3224 dixi,

367 3258 417 3291 non
439 3251 504 3292 recte
520 3245 597 3293 edidit
615 3247 726 3294 Haecine
736 3246 798 3305 fato
815 3248 913 3296 urani

366 3340 416 3386 par
434 3325 511 3387 fuit?
542 3323 609 3373 'lum
634 3323 660 3371 in
684 3323 831 3386 explicanda
855 3339 910 3387 per-

367 3417 439 3451 versa
454 3403 557 3452 lectione
574 3406 639 3461 dies,
657 3403 726 3463 feeit,
743 3406 807 3467 quod
819 3406 911 3467 potuit;

366 3483 438 3530 trullo
462 3485 514 3532 dies
538 3484 714 3545 interpretans,
738 3498 827 3546 nempe
852 3489 912 3533 adeo

366 3576 435 3610 coeca
446 3561 510 3624 fato
525 3569 599 3622 suut,
621 3562 661 3610 vel
682 3562 789 3611 referens
811 3564 911 3612 adrem

359 3640 494 3702 forassem.
539 3643 651 3706 Simplex
679 3650 703 3692 et
729 3658 817 3692 verum
844 3651 910 3692 erat:

367 3720 448 3769 Nulla
475 3721 548 3779 Dis,
567 3725 639 3770 auito
657 3722 729 3782 sctis
753 3725 912 3783 diiudicatio,

366 3801 437 3859 quali
463 3802 517 3848 viro
536 3801 613 3863 filius
640 3803 775 3863 eripiatur.
816 3803 912 3852 Fronto

310 3882 313 3902 ¹
366 3876 510 3926 breviante
533 3878 641 3927 dixerat:
666 3881 746 3942 Saepe
767 3883 844 3929 etiam
866 3898 910 3930 ea-

364 3960 463 4018 postuio
472 3973 529 4006 oum
544 3960 593 4006 Dis
605 3960 801 4016 immortalibus,
817 3961 911 4024 etsata

365 4037 588 4098 turpio‘compello.

400 4117 458 4165 risi
472 4116 520 4175 Di,
537 4132 696 4180 quaecuuque
705 4118 826 4179 preceris,
840 4117 911 4167 Com-

365 4197 438 4244 moda
454 4198 529 4244 deut:
545 4198 586 4244 ito
601 4199 643 4245 eir
659 4200 735 4246 taras
750 4212 787 4256 es,
798 4200 911 4246 conmea-

364 4289 412 4335 que
432 4276 515 4323 comis.
547 4275 715 4339 Quaecunque
734 4277 863 4324 commoda
883 4286 911 4327 tu

364 4351 411 4399 tibi
427 4353 521 4414 precari
532 4355 622 4415 possis,
641 4361 699 4416 opto
709 4359 738 4401 ut
748 4353 797 4402 Dei
809 4354 855 4401 ista
867 4356 909 4403 tri·

364 4431 452 4490 buant;
477 4438 502 4480 et
518 4446 550 4480 ex
574 4432 657 4481 animo
681 4440 750 4495 opto,
775 4433 835 4495 quia
858 4441 909 4482 tam

364 4509 443 4558 bonus
460 4512 500 4557 vir
525 4525 558 4559 es.
591 4512 710 4560 Horatius
735 4511 842 4560 scribere
866 4528 908 4575 po-

363 4590 462 4638 tuisset:
479 4607 638 4655 quaecuuque
654 4595 768 4654 nram
793 4599 845 4641 tem
866 4594 908 4642 bo-

951 1662 1005 1719 nia,
1038 1674 1198 1724 quaecunque
1226 1658 1341 1715 mereris,
1375 1658 1504 1706 commoda

952 1757 1026 1804 quam
1048 1741 1156 1804 plurima
1178 1739 1272 1788 aDeis
1294 1746 1439 1802 accepturus
1461 1739 1503 1787 sis.

953 1820 981 1869 Si
997 1821 1116 1869 Horatius
1133 1820 1282 1881 scripsisset:
1300 1820 1347 1866 Ita
1366 1817 1418 1875 Di,
1430 1831 1504 1879 quae·

952 1915 1048 1962 cunque
1071 1902 1191 1962 preceris,
1219 1897 1352 1946 Commoda
1377 1898 1451 1953 mi,
1475 1901 1504 1943 ut

953 1981 993 2027 air
1010 1981 1086 2028 baares
1102 1993 1128 2027 es
1145 1979 1293 2039 eoumvaque
1315 1978 1405 2032 comis,
1428 1974 1504 2023 habe·

953 2072 1036 2105 remus
1053 2064 1077 2105 et
1094 2056 1212 2105 usitatam
1228 2055 1374 2111 formulam,
1398 2060 1424 2102 et
1446 2067 1504 2101 aeu-

953 2143 1006 2184 tam
1027 2136 1132 2183 ironiam
1157 2135 1320 2183 lucraremur,
1353 2134 1419 2181 Tam
1445 2147 1505 2181 vere

953 2221 1016 2278 optov
1028 2215 1072 2263 tibi
1091 2215 1175 2262 omnia
1191 2214 1331 2270 commoda,
1354 2227 1429 2276 quam
1445 2226 1505 2260 rere

953 2295 1030 2342 bonus
1047 2295 1087 2342 vir
1104 2309 1136 2343 es.
1172 2293 1282 2343 Stolidus
1293 2292 1445 2341 Nasidienus
1454 2306 1504 2340 non

954 2380 1074 2432 senserat,
1086 2389 1113 2422 se
1130 2388 1145 2420 a
1160 2373 1298 2422 Balatrone
1314 2358 1425 2419 irrideri:
1456 2371 1505 2420 Ba-

953 2452 1017 2501 latro
1042 2460 1124 2500 autem
1145 2451 1200 2500 falsi
1216 2452 1293 2499 animi
1314 2451 1359 2498 sibi
1381 2451 1505 2507 conscius,

955 2531 1030 2579 verba
1052 2532 1179 2580 Nasidieni
1203 2532 1239 2579 sic
1263 2531 1371 2593 accipere
1388 2530 1505 2586 debebat,

955 2616 983 2657 nt
1010 2611 1146 2659 Nasidieno
1178 2617 1319 2659 exsecratus
1352 2623 1405 2657 esse
1438 2609 1506 2656 vide-

955 2696 1031 2738 retur.
1065 2689 1139 2738 Talia
1163 2696 1222 2737 sunt
1242 2688 1285 2736 illa
1301 2689 1367 2750 apud
1384 2686 1506 2735 Plautum

955 2768 1054 2832 Captis.
1072 2767 1122 2817 III.
1141 2783 1166 2816 v.
1181 2769 1222 2821 87.
1250 2770 1290 2815 Tu
1302 2768 1507 2828 Aristophontes,

954 2852 984 2898 de
1001 2865 1039 2897 me
1055 2858 1085 2896 ut
1108 2850 1237 2906 meruisti,
1262 2849 1303 2896 ita
1328 2849 1391 2895 aab.
1424 2845 1506 2894 Pseu-

955 2931 1005 2979 dol.
1022 2930 1071 2981 IV.
1094 2945 1111 2978 1.
1133 2932 1173 2978 33.
1208 2931 1256 2976 Ita
1281 2944 1319 2977 rue
1342 2928 1381 2975 Dl
1407 2932 1506 2983 ament,

955 3017 985 3059 ut
1001 3027 1042 3073 epo
1061 3014 1089 3059 ob
1107 3016 1190 3066 tuam,
1215 3010 1311 3066 Simia,
1328 3007 1464 3070 perfidiam
1482 3010 1507 3053 te

955 3107 1017 3139 orno.
1052 3089 1144 3138 Casina
1168 3088 1205 3137 II.
1222 3102 1262 3136 111.
1283 3087 1320 3135 18.
1355 3087 1399 3133 Mi
1423 3087 1506 3147 lepos.-

954 3170 1084 3233 respondet
1101 3169 1175 3217 alter:
1192 3184 1278 3231 aeorpe
1294 3168 1346 3225 ita,
1362 3171 1390 3213 at
1402 3172 1431 3214 tu
1442 3165 1507 3213 milri

954 3263 987 3297 es.
1021 3248 1151 3297 Phaedrus
1168 3248 1216 3296 IV.
1234 3261 1252 3295 1.
1272 3246 1309 3295 19.
1344 3247 1387 3294 Sic
1408 3245 1506 3296 valeas,

955 3334 984 3376 ut
994 3329 1089 3392 farina
1105 3344 1143 3386 es,
1160 3343 1224 3390 quae
1234 3329 1308 3375 iaces.
1334 3326 1408 3388 Quod
1418 3324 1506 3372 dubito

955 3422 987 3454 en
1008 3409 1152 3471 interpretes
1173 3416 1238 3456 recto
1258 3406 1376 3470 ceperint.
1410 3406 1505 3453 Teren-

954 3487 1050 3535 tianum
1067 3495 1132 3536 certe
1150 3487 1224 3534 illud:
1241 3489 1355 3543 valeant,
1372 3487 1418 3548 qui
1434 3488 1505 3532 irater

954 3581 998 3614 aos
1015 3569 1149 3615 discidium
1168 3568 1259 3625 veiint,
1280 3577 1309 3611 eo
1325 3577 1375 3610 non
1393 3567 1447 3626 erat
1464 3575 1503 3609 re·

954 3646 1089 3694 ferendum.
1117 3648 1185 3694 Felis
1196 3643 1327 3692 videbatur
1337 3656 1390 3691 esse
1395 3641 1504 3704 famae,

955 3740 1004 3773 non
1031 3731 1091 3773 eret.
1136 3725 1196 3772 Mus
1224 3723 1320 3779 abiens,
1348 3720 1458 3777 dicebat,
1476 3726 1505 3767 ut

953 3820 1007 3854 mos
1024 3812 1089 3861 erat,
1107 3806 1174 3863 rote,
1191 3805 1233 3852 sed
1250 3803 1297 3862 sic,
1314 3807 1344 3850 ut
1354 3803 1452 3863 farina
1463 3815 1503 3849 es:

954 3900 1004 3933 non
1021 3891 1083 3944 erat;
1101 3897 1162 3944 ergo
1179 3883 1201 3931 si
1217 3897 1268 3930 non
1284 3881 1397 3945 optabat,
1415 3887 1443 3928 ut
1461 3897 1503 3929 va-

954 3967 1028 4023 leret,
1046 3965 1088 4012 sed
1105 3970 1205 4020 contra,
1221 3970 1249 4010 ut
1265 3961 1364 4024 periret.
1399 3959 1503 4010 Similli-

952 4058 1022 4092 mum
1038 4043 1101 4090 illud
1117 4042 1203 4091 Plauti
1225 4056 1301 4104 supra
1322 4040 1442 4088 allatum:
1472 4043 1504 4089 de

952 4139 990 4172 me
1006 4130 1036 4170 ut
1053 4124 1181 4181 meruisti,
1201 4124 1240 4170 ita
1264 4124 1324 4170 cale.
1359 4120 1429 4168 Male
1450 4135 1503 4168 me·

952 4204 1035 4263 ruisti,
1053 4218 1112 4266 ergo
1123 4201 1189 4250 male
1200 4201 1292 4250 valeas.
1317 4200 1441 4263 Exempla
1453 4200 1502 4248 for·

952 4284 1035 4331 mulae
1052 4283 1115 4331 bono
1132 4297 1206 4330 sensu
1223 4281 1358 4339 adhibitae,
1370 4286 1430 4328 sunt
1440 4294 1501 4342 quo-

951 4376 998 4424 que
1020 4362 1047 4409 in
1068 4361 1166 4410 Plauto.
1188 4376 1213 4409 v.
1230 4375 1250 4408 c.
1273 4358 1349 4409 Stich.
1373 4359 1422 4408 IV.
1440 4373 1459 4408 1.
1480 4361 1501 4410 l.

952 4444 998 4491 Ita
1014 4458 1052 4490 rite
1068 4441 1108 4489 Di
1125 4444 1184 4490 terte
1200 4446 1296 4496 amerit,
1313 4454 1428 4501 areasque
1437 4442 1502 4489 mitri

951 4524 1009 4570 bene
1026 4523 1164 4569 servassint
1174 4519 1262 4582 filios,
1285 4521 1322 4568 Ut
1339 4519 1401 4566 milti
1412 4520 1502 4582 volupe

951 4605 1000 4657 est,
1014 4599 1208 4662 Pamphilippe,
1219 4599 1280 4659 quia
1292 4610 1333 4644 cos
1344 4597 1373 4644 iu
1382 4596 1501 4658 patriam

364 4683 411 4716 nus
427 4671 466 4717 vir
483 4685 521 4730 es,
539 4679 579 4728 nt,
604 4673 625 4719 si
650 4673 695 4739 tibi
719 4685 837 4735 apprecer
856 4687 907 4722 om·
949 4679 1048 4726 domina
1066 4677 1172 4724 Redisse
1188 4678 1265 4725 video.
