3750 5759
766 713 1117 782 SATlllrlllUlll

781 942 999 1008 SATIRA
1046 938 1103 1001 Vl.

459 1109 499 1190 N
503 1142 545 1184 ou
570 1117 664 1203 quia,
687 1115 876 1192 Maecenas,
901 1109 1066 1192 Lydorum
1091 1104 1249 1192 quidquid
1274 1103 1430 1168 Etruscos

417 1223 559 1289 Inuoluit
580 1222 679 1302 fines,
705 1237 801 1283 nemo
824 1213 1011 1300 generosior
1035 1217 1085 1277 est
1108 1218 1156 1292 tc,

415 1328 482 1392 Nec
506 1326 592 1412 quod
616 1346 695 1388 avus
721 1321 782 1386 tibi
806 1325 974 1383 maternus
998 1315 1063 1380 fuit
1086 1318 1184 1398 atque
1207 1320 1381 1399 paternuS,

416 1431 505 1498 Olim
529 1430 585 1516 qui
610 1427 739 1512 magnis
763 1423 953 1509 regionibus
978 1419 1222 1505 imperitarent,

416 1535 465 1600 Ut
487 1535 633 1620 plerique
657 1533 781 1613 solent,
807 1551 887 1594 naso
912 1525 1087 1612 suspendis
1111 1524 1238 1589 adunco

416 1639 568 1724 ignotos,
592 1648 631 1703 ut
654 1658 707 1701 me
731 1634 886 1699 libertino
907 1638 1000 1717 patre
1024 1636 1149 1694 natum.

419 1742 529 1822 Quum
553 1741 670 1806 referre
691 1761 810 1823 negas,
836 1735 925 1822 quali
952 1733 996 1798 sit
1019 1732 1156 1817 quisquc
1179 1737 1314 1817 parente

416 1845 540 1929 NatuS,
567 1846 646 1910 dum
670 1843 854 1929 ingenuuS,
878 1837 1055 1925 persuades
1080 1837 1140 1901 hoc
1164 1835 1225 1900 tibi
1251 1856 1343 1915 vere,

415 1951 504 2014 Ante
526 1955 723 2035 potestatem
747 1945 833 2010 Tulli
857 1949 956 2028 atque
980 1939 1125 2025 ignobile
1146 1961 1285 2024 regnum

937 2107 1045 2169 teredo,
1067 2104 1204 2153 sufficiebat
1225 2105 1257 2152 ud
1279 2103 1459 2152 enuntiandum
1479 2097 1502 2146 il·

938 2176 939 2185 *
960 2185 1016 2234 lud:
1034 2185 1103 2233 Ante
1120 2184 1238 2243 Tullum,
1255 2197 1340 2247 regern
1355 2180 1458 2246 ignobili
1469 2193 1504 2243 gc·

408 2239 491 2328 Olim
513 2274 557 2335 qui
577 2273 675 2333 trunonis
692 2271 826 2332 legionibus
842 2268 917 2328 impe-
960 2279 1026 2314 nere.
1062 2264 1112 2313 Sed
1133 2265 1239 2327 ignobile
1259 2279 1364 2327 regnum
1389 2262 1459 2309 Tulli
1478 2259 1504 2306 si·

369 2357 488 2402 citarent.
523 2353 555 2401 In
571 2351 655 2414 paucis
672 2348 747 2398 MSS.
765 2346 919 2410 ropionibus,
961 2344 1075 2408 gnificat,
1086 2358 1138 2392 rem
1153 2344 1292 2392 Romanam
1302 2340 1380 2391 Tude
1392 2345 1506 2404 regnante

370 2433 435 2496 quod
458 2431 571 2479 nonnulli
588 2445 684 2493 quoquc
701 2429 846 2490 interpretes
863 2439 919 2472 con·
961 2440 1006 2474 nec
1022 2423 1146 2482 floruisse,
1164 2437 1243 2486 neque
1259 2421 1312 2470 ullo
1328 2436 1413 2470 rerum
1429 2433 1507 2482 erogo

369 2512 484 2559 iecerunt.
511 2510 561 2560 Sed
587 2511 734 2572 irruperitore
760 2506 839 2568 magis
864 2519 919 2566 pro·
962 2506 1001 2553 vcl
1018 2505 1108 2568 populo
1126 2512 1252 2567 gestarum
1274 2503 1353 2559 famo,
1375 2515 1456 2564 neque
1474 2500 1508 2548 in-

370 2591 452 2653 prium
469 2592 613 2652 temonibus,
630 2587 920 2651 inquamnondum
961 2587 1105 2634 stitutorum
1122 2585 1196 2634 leude
1212 2585 1288 2633 fuisse
1304 2583 1436 2632 illustrem.
1468 2582 1507 2631 Li·

369 2673 509 2731 irnperure,
532 2677 658 2731 tamquam
679 2666 809 2730 proverbio
830 2665 920 2712 dicitur
961 2668 1016 2716 vius
1034 2673 1117 2714 autem
1134 2672 1219 2713 narret
1236 2665 1257 2713 I.
1271 2665 1312 2713 31.
1323 2664 1428 2712 decutit
1441 2663 1508 2712 Salt-

373 2751 404 2797 dc
421 2748 513 2810 insigni
530 2748 623 2795 honore
639 2753 802 2810 etpotcststc.
827 2744 921 2794 Seneca
961 2749 1003 2796 nis
1020 2748 1048 2794 ur
1065 2760 1156 2808 acapna
1172 2745 1253 2807 gloria
1269 2745 1417 2807 magnisque
1427 2743 1509 2805 opibus

370 2829 451 2892 Epist.
463 2828 503 2877 86.
518 2831 631 2876 oninium
642 2829 740 2889 quidem
751 2828 805 2874 eius
817 2823 919 2886 (Scipio-
962 2840 1063 2888 requam
1086 2825 1157 2872 Tulli
1177 2829 1202 2873 et
1215 2829 1293 2873 lotam
1305 2840 1358 2873 rem
1370 2824 1509 2872 Romanam

369 2910 418 2972 nis)
436 2913 464 2958 iu
481 2910 586 2964 coelum,
608 2923 640 2955 ec
660 2923 708 2969 quo
729 2911 798 2962 erut,
819 2905 921 2951 rediisse
955 2906 1048 2965 fretam
1066 2905 1184 2966 Regnum
1195 2905 1415 2960 udeoerutuobile‚
1428 2917 1509 2967 quum·

368 2990 508 3050 persuadeo
519 2989 595 3045 nrihi,·
608 3002 657 3034 nort
668 2986 729 3047 quic
740 2997 841 3046 tracones
852 2997 920 3030 euer-
961 2999 1036 3048 quem
1059 2983 1149 3032 Tullus
1166 2985 1294 3044 innobilis,
1318 2990 1345 3031 ut
1362 2999 1386 3032 v.
1406 2997 1428 3033 c.
1455 2982 1509 3033 Sos·

371 3070 437 3115 citus
466 3068 554 3122 ducit,
579 3069 622 3116 hos
646 3066 711 3114 enim
736 3069 760 3111 et
788 3061 922 3123 Coorbyoes
961 3064 1047 3112 thcnes
1065 3063 1107 3111 ille
1123 3063 1189 3126 opud
1206 3062 1295 3111 Iustin.
1313 3063 1417 3112 XXIV.
1429 3063 1453 3112 o.
1470 3066 1510 3126 qui

364 3147 483 3207 fuerintne
500 3159 530 3193 oc
541 3145 635 3207 sorore
645 3144 759 3206 feliciter
781 3155 852 3196 risus,
874 3144 919 3187 lter·
941 3170 943 3181 ·
962 3146 991 3191 ob
1012 3144 1119 3191 virtutis
1141 3142 1257 3204 coaptato
1279 3143 1368 3189 rrrultis
1390 3142 1510 3190 nobilibus

370 3227 441 3283 buit,-
467 3225 511 3273 sed
535 3227 564 3271 ob
584 3224 706 3285 epreqioor
728 3223 921 3270 rrroderutionem
941 3198 943 3281 l
963 3240 1066 3285 reputent
1079 3224 1243 3272 Macedoniae
1254 3222 1437 3285 effectuutidue
1447 3225 1510 3284 iono-

368 3307 546 3366 pietatemque.-
579 3304 671 3361 Erant,
692 3310 720 3349 nt
741 3310 840 3357 notum,
861 3300 921 3347 duo·
941 3290 943 3361 i
963 3304 1020 3351 bilis
1045 3304 1099 3364 ipse
1122 3303 1298 3364 praeponitur.
1332 3302 1409 3351 Haud
1433 3301 1510 3364 magis

371 3385 450 3432 decim
468 3385 640 3443 Lucumones,
658 3396 729 3444 reges
741 3380 870 3428 duodecim
885 3393 920 3426 re·
941 3368 943 3433 l
962 3383 1082 3431 Latinum
1101 3381 1198 3428 videtur
1215 3396 1318 3442 regnum
1335 3382 1441 3442 mobile
1454 3380 1510 3428 Tul·

370 3464 480 3524 gionum.
517 3464 589 3512 Unus
601 3463 714 3512 Lucumo
725 3467 840 3524 praeerat
850 3472 920 3521 prac-
962 3464 994 3518 li,
1020 3476 1096 3525 quum
1117 3460 1138 3508 si
1155 3477 1179 3508 v.
1197 3475 1218 3509 c.
1240 3460 1332 3508 diceres
1357 3460 1510 3509 Consolatio

373 3543 459 3590 sertim
485 3544 510 3590 in
537 3543 613 3602 bcll0;
639 3550 699 3590 tunc
723 3542 789 3589 enim
814 3546 921 3602 potestas
939 3554 943 3617 Ι·
961 3543 1078 3604 {pradilis
1107 3543 1188 3589 Tullii
1217 3541 1353 3589 Ciceronis.
1391 3538 1509 3590 Coniicio:

369 3622 438 3670 illius
461 3624 541 3686 magis
567 3621 769 3684 conspiciebatur.
803 3620 922 3667 Praeerat
964 3625 1032 3669 Ante
1046 3625 1197 3681 potestatem
1219 3620 1290 3668 Tulli
1306 3624 1383 3682 atque
1400 3620 1511 3681 moult

370 3705 470 3763 cruperis
486 3704 633 3764 legionibus,
655 3699 791 3747 coniunctis
808 3698 921 3745 exerciti·
964 3702 1037 3749 Anci.
1079 3699 1198 3748 Horatius
1227 3697 1332 3747 Tullum
1360 3704 1386 3747 el
1412 3699 1509 3748 Ausum

371 3781 431 3836 ltus,
448 3796 509 3843 quos
527 3781 656 3828 duodecim
673 3781 782 3840 replerier
798 3777 865 3825 illius
877 3778 920 3825 im-
962 3781 1071 3844 exempli
1094 3795 1181 3829 caussa
1206 3779 1336 3843 coniungit
1357 3778 1442 3830 Coum.
1464 3779 1509 3829 IV.

370 3859 638 3921 periocommittcbsnt.
656 3857 921 3907 Resdomesticussin-
963 3875 1008 3912 vit
1031 3862 1069 3911 15.
1092 3876 1142 3925 quo
1163 3863 1232 3911 dioec
1256 3861 1349 3908 Tullus
1370 3866 1396 3910 et
1418 3863 1509 3909 Atreus.

371 3939 424 4002 guli
440 3940 596 3987 Lucumones
614 3939 741 3986 curabunt.
777 3939 835 3996 Res,
853 3947 920 4001 puto,
962 3941 1043 4004 Epist.
1070 3942 1091 3989 I.
1117 3955 1154 3988 vr.
1179 3942 1219 3992 27.
1255 3941 1342 3989 Nuruo
1367 3947 1393 3990 et
1419 3944 1509 3991 Ancus.

371 4019 422 4066 ferc
443 4018 530 4067 similis
552 4027 662 4076 nostrae,
689 4033 766 4081 quum
792 4019 921 4082 Principes
962 4021 1122 4070 LucretIII.
1142 4020 1213 4068 1038.
1242 4021 1353 4069 Lumina
1368 4022 1421 4070 suis
1436 4023 1511 4072 oculis

371 4100 503 4147 Arausisci
521 4099 574 4147 iure
587 4098 752 4147 haereditario
763 4113 848 4146 omncs
860 4100 921 4147 Pro·
962 4103 1038 4150 etiam
1055 4103 1131 4149 bonus
1150 4101 1231 4151 Arreu'
1243 4102 1355 4163 reliquit.
1372 4102 1510 4166 Poecaipe

372 4181 466 4228 vincias
483 4180 715 4243 complectebantur.
962 4181 1076 4229 libertino
1092 4188 1161 4242 patre
1178 4188 1265 4238 nutus,
1282 4181 1382 4229 amabat
1399 4181 1460 4231 tales
1476 4195 1509 4230 ru·

404 4264 472 4310 Ante
493 4266 642 4322 potestatem
672 4261 743 4307 Tulli
763 4266 838 4322 (itque
855 4262 921 4321 iquo-
963 4276 1018 4324 ges,
1036 4260 1113 4315 nullis
1129 4260 1264 4309 maioribus
1276 4268 1351 4310 ortos.
1379 4263 1508 4312 Erantou-

370 4342 417 4388 bile
439 4357 549 4402 requirent.
586 4344 704 4388 Potestas
721 4347 746 4387 et
762 4355 865 4400 reguum
882 4339 922 4386 hic
963 4349 1054 4390 temet
1072 4341 1433 4404 TullusetAneusiouooiles.
1460 4345 1510 4392 An·

373 4434 423 4466 non
439 4419 564 4468 differunt.
598 4419 686 4467 Fuerit
704 4418 793 4466 Tullus
811 4427 835 4466 ct
855 4419 921 4480 apud
962 4435 1006 4468 cus
1029 4421 1105 4484 vulgo
1130 4422 1273 4470 nominatur
1299 4437 1374 4482 nepos
1400 4425 1509 4479 Nurrruc,

370 4513 454 4561 regem
477 4506 501 4547 ct
522 4507 603 4561 patres
626 4507 649 4547 ct
671 4498 766 4560 plebem
789 4499 814 4546 in
831 4513 922 4560 magno
962 4509 1031 4561 pater
1048 4510 1100 4548 crat
1118 4505 1214 4557 rcellus,
1233 4501 1325 4550 Tullus
1344 4503 1508 4553 hubsbotma·

371 4579 475 4634 honorn,
498 4587 646 4640 potestatem
670 4588 727 4628 ante
748 4597 850 4641 rupicum
871 4595 920 4627 non
962 4587 1024 4627 trem
1042 4596 1146 4628 serrtom.
1170 4579 1243 4630 Conf.
1255 4581 1397 4631 Duker.ad
1410 4585 1509 4633 Florum

371 4656 463 4704 hsbuit.
499 4655 685 4706 Comrncntator
709 4663 858 4719 potestatem
884 4658 919 4704 in·
941 4664 943 4683 ¹
962 4674 985 4719 p.
1003 4660 1042 4706 45.
1060 4668 1084 4707 et
1100 4660 1143 4707 55.
1175 4661 1298 4708 Arntzcn.
1315 4663 1347 4709 sd
1366 4663 1508 4713 AurelVi·

371 4743 518 4798 terpretatur
536 4753 646 4800 reymero.
683 4735 799 4784 Alterum
821 4743 919 4794 utrum,
940 4692 943 4807 l
962 4746 1020 4786 utor.
1039 4756 1061 4802 p.
1079 4741 1118 4790 71.
1154 4737 1240 4788 Cicero
1261 4741 1292 4788 dc
1315 4741 1375 4805 ch.
1399 4745 1435 4793 nit
1450 4744 1508 4791 duos

543 2141 680 2190 SATIRA
696 2140 745 2188 Vl.
