3750 5759
812 541 993 605 LIBER
1041 541 1063 604 l.

413 727 536 793 Multos
566 749 662 813 saepe
685 727 772 792 viros
797 726 898 793 nullis
921 727 1097 792 maioribus
1120 734 1206 792 ortos

412 831 456 896 ut
478 830 602 896 vixisse
623 832 757 916 probos,
782 830 902 917 amplis
926 836 960 896 et
981 830 1158 896 honoribus
1184 835 1311 907 auctos3

412 935 535 1000 Contra
558 935 754 1018 Laevinum,
777 935 887 1001 Valeri
910 958 1036 1021 genus,
1061 935 1147 1000 unde
1172 934 1335 1020 Superbus

409 1037 603 1124 Tarquinius
633 1061 733 1125 regno
754 1039 871 1126 pulsus
894 1039 1000 1125 fugit,
1032 1039 1130 1105 unius
1153 1038 1236 1105 assis

410 1140 486 1205 Non
507 1164 665 1228 umquam
688 1142 793 1228 pretio
812 1142 917 1228 pluris
941 1142 1090 1226 licuisse,
1116 1147 1251 1208 notante

413 1244 541 1330 Iudice,
566 1268 629 1333 quo
653 1246 758 1329 nosti,
787 1247 924 1332 populo,
949 1246 1005 1332 qui
1029 1246 1152 1313 stultus
1178 1247 1315 1312 honores

411 1348 515 1434 Saepe
535 1349 593 1415 dat
616 1350 763 1436 indignis
787 1355 820 1416 et
840 1350 948 1416 famae
970 1350 1071 1416 servit
1095 1349 1245 1436 ineptus,

411 1451 475 1532 Qui
498 1458 610 1539 stupet
631 1453 666 1518 in
690 1453 798 1519 titulis
822 1459 856 1519 et
882 1453 1093 1539 imaginibus.
1142 1452 1229 1533 Quid
1250 1430 1378 1538 oportet

409 1555 479 1621 Nos
503 1556 626 1640 facere,
650 1558 791 1644 evulgo
814 1558 913 1644 longe
936 1558 1098 1643 longeque
1119 1559 1285 1623 remotos?

410 1660 561 1746 Namque
583 1667 675 1746 esto,
699 1662 841 1748 populus
865 1662 1009 1728 Laevino
1032 1662 1147 1728 mallet
1166 1663 1321 1727 honorem

367 1856 535 1905 Romanorum
551 1871 622 1921 reges
643 1857 731 1917 brisso,
753 1871 860 1920 quorum
881 1856 915 1904 al·
957 1855 1086 1919 praesenti.
1120 1857 1186 1906 Nam
1203 1857 1230 1904 in
1246 1856 1294 1905 illis
1312 1861 1426 1904 narratur
1440 1855 1505 1918 quod

367 1941 404 1984 ter
418 1942 521 1999 patrem
537 1953 586 1986 aon
608 1939 695 1996 babet,
717 1937 780 1986 alter
801 1942 915 1986 uenirem.
956 1935 1033 1985 semel
1050 1943 1074 1985 ct
1090 1937 1143 2000 ipso
1159 1937 1202 1985 illo
1209 1943 1334 1985 momento
1351 1931 1449 1982 accidit:
1465 1933 1506 1981 hic

366 2015 485 2064 Horatius
502 2030 539 2066 vs.
556 2017 596 2065 36.
613 2018 713 2065 eosdmn
729 2031 800 2079 reges
811 2015 915 2079 cogitat:
957 2017 1022 2079 quod
1039 2023 1096 2065 ante
1121 2017 1219 2066 saecula
1235 2017 1336 2075 accidit,
1353 2025 1428 2078 atque
1445 2014 1505 2062 adeo

370 2097 426 2154 Quo
440 2094 659 2159 patresitaatus,
670 2099 917 2159 aanaiqnotomatre
957 2097 1105 2160 exprimitur
1122 2112 1166 2160 per
1182 2104 1279 2160 tempus
1296 2095 1464 2159 praeteritum,
1477 2101 1505 2141 nt

368 2179 520 2226 inhonestus.
539 2177 641 2239 Quanto
648 2179 725 2243 igitur
734 2178 839 2227 nobilior
847 2178 915 2226 Mae·
957 2176 984 2224 in
1000 2176 1119 2240 Virgilio:
1138 2179 1221 2226 Fama
1231 2179 1299 2226 volat
1310 2175 1505 2240 palsamrepnis

367 2272 451 2315 cenas,
475 2259 515 2308 eui
539 2259 589 2307 iam
611 2274 674 2308 oeus
691 2265 822 2308 nutamus
839 2264 917 2322 utque
957 2258 1054 2306 cessisse
1069 2259 1186 2321 paterius
1202 2259 1351 2317 Idomenea3
1368 2261 1393 2302 et
1415 2253 1441 2301 in
1458 2252 1504 2303 Oa-

366 2343 491 2400 paterrms
507 2337 601 2387 fuerint
617 2338 722 2387 nobiles!
957 2337 1064 2386 talectisz
1084 2336 1165 2386 Caius
1181 2343 1206 2386 et
1222 2339 1251 2385 eb
1268 2342 1373 2398 raptam
1389 2335 1458 2398 pulsi
1474 2334 1504 2381 li-

403 2419 477 2467 Unds
493 2420 622 2482 Superbus
658 2419 816 2482 Tarquiniae
842 2433 917 2480 reque
957 2432 1032 2480 quere
1052 2419 1162 2466 Penates
1204 2417 1341 2478 Tarquinii
1359 2413 1504 2476 pettiosfi-

366 2497 550 2563 palsassuqit.
583 2498 624 2546 Ita
644 2498 772 2547 Bentleius
789 2512 822 2547 ex
838 2496 915 2547 MSS.
958 2497 1006 2546 lius
1025 2503 1101 2560 atque
1125 2502 1206 2560 poter.
1245 2495 1295 2547 Ubi
1312 2509 1361 2542 non
1385 2492 1505 2542 Latinum

367 2589 423 2624 cum
440 2576 518 2639 vulgo
535 2576 650 2626 ederetur
659 2579 727 2639 fuit,
740 2578 806 2641 quod
820 2584 873 2624 erat
889 2577 916 2623 in
958 2583 1022 2624 esset
1038 2578 1122 2626 cedere
1138 2590 1184 2625 nec
1201 2577 1332 2638 linquant,
1354 2574 1450 2622 etiamsi
1467 2590 1504 2623 ee·

368 2655 421 2704 aliis
439 2655 515 2706 MSS.
538 2655 660 2706 credebat
681 2658 727 2705 hoc
743 2655 824 2704 solum
841 2655 915 2703 libra·
958 2658 1015 2706 dere
1031 2663 1128 2718 tempus
1145 2655 1316 2719 imperfectum
1332 2653 1460 2717 complecti
1470 2653 1504 2699 vi-

368 2736 690 2799 riosimpulisseadlocum
700 2736 916 2799 eorrumpendum,
958 2736 1064 2784 deretur.
1097 2737 1130 2784 In
1153 2734 1264 2784 oratione
1280 2749 1354 2798 prosa
1374 2732 1505 2782 discrimen

368 2817 426 2879 quia
436 2817 512 2880 sapit
526 2816 663 2879 praeterito
680 2824 790 2880 tempore
802 2823 826 2864 et
836 2816 916 2878 priore
959 2830 1003 2879 per
1028 2819 1234 2864 constructionem
1254 2813 1372 2863 cernitur.
1398 2813 1504 2861 Lactan-

368 2896 463 2960 syllaba
480 2897 611 2959 producta,
627 2896 653 2943 vi
669 2895 805 2944 sententiae
822 2894 863 2942 hio
879 2909 916 2943 re·
959 2896 1020 2944 tius:
1055 2897 1188 2945 Nimirum
1215 2910 1290 2944 serres
1318 2893 1464 2958 (Saturnus)
1489 2910 1506 2942 a

369 2977 434 3040 quiri
450 2976 637 3025 arbitrarentur.
656 2974 706 3025 Sed
722 2975 848 3038 exempla,
863 2976 916 3037 qui·
960 2979 1046 3026 iuvate
1064 2977 1147 3041 fissile
1162 2977 1245 3026 victas
1261 2981 1311 3033 est,
1337 2989 1367 3023 rte
1383 2975 1507 3036 spoliatus

368 3057 412 3106 bus
426 3056 532 3121 probare
545 3057 634 3115 studet,
648 3054 807 3118 praeteritum
821 3062 917 3117 tempus
959 3058 1072 3120 imperio.
1099 3060 1178 3120 Faqit
1194 3059 1274 3120 ipitar
1290 3058 1419 3117 expulsus,
1436 3059 1462 3102 et
1478 3056 1506 3102 in

369 3137 471 3186 minime
480 3136 586 3199 requiri,
599 3134 662 3184 nihil
675 3135 785 3198 probant.
803 3134 917 3182 Primum
961 3137 1070 3185 [taliane
1094 3139 1193 3199 nauigio
1217 3136 1294 3184 veuit.
1322 3133 1443 3184 Cetesetae
1459 3135 1505 3182 eli·

369 3215 440 3265 affert
465 3230 498 3265 ex
517 3223 616 3264 auctore
631 3215 747 3264 carminis
772 3215 798 3263 in
815 3213 917 3264 Obitum
959 3217 1016 3277 quis
1035 3219 1119 3264 Deum
1135 3231 1201 3275 esse,
1226 3218 1269 3278 qai
1285 3217 1374 3277 palsas
1390 3219 1441 3270 est,
1462 3215 1506 3275 qai

370 3297 522 3346 Μωωῃειιίε
539 3297 626 3346 vsib.
650 3294 918 3355 satietatemque·-
953 3293 1036 3360 faqit,
1052 3297 1096 3358 qui
1113 3295 1215 3345 latuit?
1231 3296 1272 3343 Ita
1288 3295 1314 3342 in
1331 3293 1435 3343 Horatio
1452 3306 1505 3355 pos·

369 3378 476 3441 busfait
484 3392 564 3425 aurea
577 3377 669 3439 Virgo:
691 3376 763 3434 Quae
780 3376 838 3423 bene
844 3388 918 3435 prae·
960 3374 1222 3439 tulatursupii,priore
1233 3374 1360 3438 producta.
1369 3372 1505 3431 Librarius,

370 3458 462 3506 muetos
476 3457 605 3518 postntodo
621 3457 697 3517 pulsa
707 3455 790 3518 sapit.
819 3454 875 3516 Ego
891 3453 917 3500 in
960 3457 1046 3515 credo,
1062 3456 1151 3516 sensit,
1167 3455 1211 3505 sed
1227 3461 1306 3505 metro
1322 3452 1418 3502 obstare
1435 3451 1505 3500 intel-

369 3550 456 3585 oaussa
472 3534 616 3584 Latinitatis
633 3549 683 3584 non
699 3542 755 3582 utar
772 3534 918 3582 auctoritato
959 3535 1052 3600 ligans,
1069 3537 1175 3586 mutavit
1191 3536 1216 3584 iu
1228 3535 1294 3598 fuit.
1329 3534 1384 3582 Hoc
1404 3547 1455 3581 non
1473 3532 1505 3581 fe-

370 3617 470 3679 poitae,
486 3615 566 3679 qualis
587 3614 634 3663 iste
659 3615 718 3674 fuit,
742 3614 815 3678 plene
834 3613 918 3676 inepti.
959 3616 1038 3677 cisset,
1054 3619 1076 3666 si
1093 3617 1181 3666 melius
1197 3615 1324 3679 exemplar
1350 3620 1407 3664 ante
1423 3613 1506 3663 oculos
1596 3644 1598 3648 ι

371 3697 420 3745 Vel
445 3697 492 3744 hoc
515 3696 595 3758 ipsum
617 3694 737 3745 distichon
762 3695 852 3745 indicio
873 3703 917 3744 est.
959 3697 1092 3754 habuisset,
1109 3698 1136 3744 in
1152 3711 1201 3760 quo
1217 3697 1354 3760 legeretur:
1375 3697 1442 3745 aade
1458 3696 1506 3745 Sa-

371 3777 433 3840 Quis
450 3776 518 3825 enim
534 3774 685 3838 probabilem
702 3777 849 3825 sententiam
861 3775 917 3825 inde
957 3779 1051 3838 pertas
1076 3779 1232 3839 Tarquinius
1240 3774 1313 3839 sapit
1322 3776 1505 3839 pulsusrepao.

371 3857 468 3906 eliciat?
489 3855 632 3918 Scripsisset
648 3855 749 3914 saltem3
766 3858 855 3918 quibus
870 3857 915 3904 od·
959 3856 1045 3906 Verba
1068 3857 1096 3904 in
1120 3857 1217 3920 scriptis
1247 3855 1391 3904 Horatianis
1416 3853 1506 3903 candes

366 3939 424 4000 suit
440 3952 522 3986 aurea
543 3937 626 3997 Viryo.
660 3934 698 3982 At
718 3935 779 3998 quid
799 3935 872 3992 miri,
897 3936 917 3982 si
959 3936 1024 3985 male
1044 3937 1193 4000 transposita
1210 3935 1381 3995 inveniuntur,
1398 3947 1506 3996 praeser-

372 4018 469 4081 pulsaa
485 4017 548 4066 bene
559 4015 860 4079 praecinctis,posteaoos
870 4016 917 4078 sa·
958 4016 1004 4065 tim
1014 4017 1038 4064 in
1055 4016 1156 4067 Satiris:
1171 4015 1235 4064 conf.
1247 4014 1329 4064 Bentl.
1341 4015 1372 4062 ad
1382 4013 1418 4062 II.
1429 4026 1455 4060 u.
1465 4013 1505 4061 59.

371 4099 429 4162 pte?
453 4098 520 4155 Non,
537 4104 608 4160 puto,
630 4104 761 4144 conaretur
781 4098 874 4155 redire,
891 4104 918 4144 ut
959 4096 995 4145 11.
1013 4111 1050 4145 vr.
1066 4096 1106 4144 29.
1120 4109 1166 4144 nec
1182 4095 1264 4144 minus
1276 4096 1302 4143 in
1314 4093 1506 4156 epistolissuis

372 4177 437 4239 pulsi
470 4176 601 4240 Tarquinii
629 4176 788 4226 conabantur.
831 4178 919 4240 Neque
938 4113 941 4225 i
959 4190 1045 4224 ornnes
1062 4176 1088 4224 in
1106 4174 1218 4239 Epistola
1235 4176 1266 4223 ad
1284 4175 1395 4223 Pisones.

373 4273 451 4307 aurea
473 4259 561 4320 Virgo,
577 4257 599 4304 si
615 4257 647 4304 sit
663 4256 763 4313 Astrea,
773 4256 844 4318 pulsa
860 4256 919 4312 fuit,
995 4259 1111 4320 Namque
1126 4262 1185 4305 esto.
1210 4255 1338 4305 Sententia
1358 4261 1405 4303 cst:
1424 4255 1506 4318 Popu-

373 4340 415 4386 sed
439 4345 527 4401 sponte
552 4352 598 4385 sua
621 4344 699 4385 terras
726 4336 857 4385 sceleribus
875 4337 919 4384 im·
960 4339 1011 4395 lus,
1037 4335 1098 4385 alias
1122 4348 1195 4396 saepe
1212 4334 1292 4383 malus
1318 4335 1405 4393 iudex,
1432 4343 1508 4397 negat

374 4417 444 4466 butas
468 4417 575 4481 reliquit.
611 4411 672 4466 Alia
696 4417 821 4480 exempla,
845 4419 920 4479 pulsa
961 4417 1065 4464 honores
1082 4413 1166 4472 nobili,
1182 4413 1225 4476 qui
1242 4429 1292 4461 non
1309 4415 1508 4472 marmarides,

369 4498 449 4559 sapit,
465 4500 556 4560 pratus
572 4500 623 4556 abi,
638 4499 731 4559 pulsas
747 4498 828 4556 cessit,
846 4496 920 4545 etiam
961 4495 1051 4559 populo
1068 4493 1236 4557 sapientiores,
1253 4494 1316 4543 illud
1326 4493 1444 4542 iudicium
1455 4493 1507 4541 lau·

375 4578 456 4626 minus
483 4584 540 4639 apta
561 4584 619 4625 sunt
644 4576 796 4626 defendendo
819 4578 920 4641 tempori
962 4577 1021 4624 dare
1038 4574 1163 4625 debemus.
1197 4575 1263 4624 Nam
1282 4575 1326 4634 fac,
1345 4576 1449 4624 eundem
1467 4591 1507 4637 po-
