3750 5759
756 704 1116 772 SATIRARUM.

413 895 599 981 „Suavitea
609 898 647 959 ut
657 915 744 958 nunc
753 898 814 975 est,
833 892 1003 977 “inquam,
1019 891 1177 977 „etcupio
1190 889 1311 973 omnia,
1326 912 1409 975 quae
1420 889 1506 954 vis.“

413 1002 522 1081 Quum
545 998 784 1064 adsectaretur:
832 997 946 1080 „Num
970 996 1050 1081 quid
1072 995 1161 1060 νίεἶ)ιι
1188 1016 1317 1079 occupo.
1364 993 1412 1057 At
1435 992 1507 1058 ille:

413 1103 533 1187 „Noris
558 1106 662 1185 nos,“
686 1100 812 1187 inquit3
849 1100 961 1183 „docti
992 1102 1142 1164 sumus.“
1180 1098 1245 1162 Hic
1269 1118 1347 1182 ego:
1373 1095 1509 1179 „Pluris

414 1208 533 1290 „Hoc“
558 1207 719 1291 inquam„
754 1204 838 1269 mihi
862 1203 960 1269 eris.“
996 1203 1114 1268 Misere
1138 1202 1302 1267 discedere
1335 1222 1509 1285 quaerens,

412 1312 463 1376 Ire
486 1309 584 1375 modo
608 1309 720 1392 ocius,
745 1308 911 1373 interdum
935 1306 1133 1388 consistere,
1158 1304 1194 1369 iu
1218 1326 1329 1369 aurem

415 1414 530 1479 Dicere
553 1412 664 1478 nescio
689 1412 769 1497 quid
794 1432 915 1497 puer0,
943 1432 1046 1496 quum
1070 1409 1169 1474 sudor
1190 1406 1232 1472 ad
1255 1407 1338 1472 imos

415 1518 564 1581 Manaret
587 1516 681 1582 talos.
730 1514 783 1598 „0
807 1521 855 1597 te,
881 1514 1024 1596 Bolane,
1050 1512 1171 1578 cerebri

378 1602 381 1605 .
416 1619 604 1684 Feliceml“
632 1618 761 1685 aiebam
784 1617 923 1699 tacitus,
948 1639 1048 1702 quum
1074 1615 1236 1701 quidlibet
1257 1613 1314 1678 ille

417 1722 580 1804 Garriret,
604 1721 710 1804 vicos,
734 1722 849 1787 urbem
872 1721 1030 1786 laudaret.
1079 1720 1127 1785 Ut
1149 1719 1200 1783 illi

416 1826 473 1889 Nil
497 1826 753 1912 respondebam,
780 1825 922 1908 „Misere
945 1824 1081 1910 cupis,“
1105 1823 1232 1909 inquit,
1258 1822 1384 1905 „abire:

418 1929 615 1993 Iamdudum
637 1929 753 2008 vide03
780 1929 838 1994 sed
861 1928 910 1993 nil
935 1928 1024 2014 agis3
1048 1950 1151 2013 usque
1174 1927 1309 2004 teneb03

418 2033 598 2117 Persequar
621 2019 697 2098 hinc
721 2055 785 2118 quo
809 2055 896 2098 nuuc
920 2032 983 2098 iter
1005 2039 1056 2097 est
1079 2032 1175 2096 tibi.“
1201 2031 1281 2115 „Nil
1306 2050 1387 2115 opus
1412 2031 1464 2092 est
1480 2030 1513 2090 te

418 2135 621 2221 Circumagi:
647 2137 810 2221 quendam
833 2136 908 2201 volo
932 2136 1037 2201 visere
1062 2157 1129 2200 non
1153 2135 1215 2200 tibi
1238 2140 1370 2210 uotum3

421 2240 523 2304 Trans
550 2240 691 2305 Tiberim
715 2241 813 2326 longe
837 2241 935 2305 cubat
957 2240 1005 2323 is,
1029 2261 1129 2326 prope
1152 2238 1299 2304 Caesaris
1323 2237 1472 2301 hortos.“

420 2342 501 2424 „Nil
516 2343 618 2410 habeo
630 2344 716 2430 quod
727 2366 834 2430 agam,
854 2349 887 2409 et
904 2366 970 2408 uon
987 2367 1061 2409 sum
1076 2344 1179 2429 piger,
1196 2365 1299 2428 usque
1315 2362 1431 2427 sequar
1444 2341 1512 2403 te.“

420 2446 567 2513 Demitto
591 2448 771 2530 auriculas,
796 2454 835 2513 ut
858 2448 990 2533 iniquae
1013 2448 1135 2512 mentis
1159 2448 1297 2529 asellus,

420 2549 528 2628 Quum
551 2551 683 2635 gravius
708 2552 803 2617 dorso
828 2551 930 2616 subiit
955 2573 1046 2616 onus.
1097 2551 1219 2635 Incipit
1241 2550 1315 2615 ille:

420 2652 479 2734 „si
503 2653 585 2719 bene
608 2676 661 2719 me
684 2654 778 2738 novi,
803 2676 870 2719 non
893 2654 1033 2720 Viscum
1056 2654 1160 2740 pluris
1184 2654 1345 2737 amicum,

418 2757 492 2820 Non
516 2757 653 2822 Varium
675 2758 795 2825 facies:
821 2781 899 2823 nam
923 2759 996 2845 quis
1021 2781 1073 2824 me
1097 2759 1235 2824 scribere
1257 2758 1368 2844 plures

417 2860 487 2925 Aut
510 2860 606 2926 citius
630 2862 736 2947 possit
757 2865 893 2928 versus?
917 2863 990 2948 quis
1013 2863 1161 2927 membra
1183 2884 1313 2927 movere

372 3058 443 3104 irtam
469 3058 543 3107 variis
578 3060 658 3108 modis
684 3061 791 3123 ponitur.
836 3060 920 3109 Plaut.
998 3065 1149 3124 Persequar.
1174 3059 1302 3110 Bentleius
1315 3072 1348 3106 ex
1360 3056 1437 3107 MSS.
1454 3074 1513 3120 pro·

373 3135 529 3185 Menaechm.
546 3138 580 3187 V,
590 3153 619 3187 11.
632 3140 672 3187 61.
690 3142 763 3188 caius
780 3141 817 3189 rei
834 3156 920 3188 rerum
962 3157 1059 3203 sequar,
1077 3142 1143 3205 quod
1160 3148 1197 3189 est
1214 3138 1315 3187 honoris
1336 3152 1436 3195 caussa,
1454 3152 1513 3187 cum

372 3216 488 3264 omnium.
532 3216 604 3265 Talia
629 3224 687 3265 sunt
711 3220 767 3280 qais
793 3220 918 3278 ornatam,
960 3235 1099 3281 persequar
1124 3219 1192 3267 aliud
1208 3219 1268 3282 quid
1292 3224 1403 3276 notaret,
1425 3234 1440 3265 a
1456 3233 1512 3267 seu·

372 3294 439 3340 aolus
455 3298 578 3358 carnium,
595 3296 649 3344 sim.
684 3297 717 3345 In
734 3296 828 3359 Appul.
852 3297 920 3361 Apo-
962 3299 1040 3346 tentia
1056 3298 1267 3362 poetaealienum.
1285 3298 1512 3347 Ruhnkeniusnon

371 3369 421 3433 log.
439 3388 461 3435 p.
480 3374 535 3421 583.
572 3376 636 3434 Quis
652 3379 763 3425 caulam
779 3379 817 3425 ael
833 3380 922 3440 calpae
962 3377 1065 3426 faciebat
1073 3393 1130 3427 curn
1138 3377 1261 3435 Bentlcio,
1270 3384 1393 3426 annotans
1403 3378 1512 3428 Graecos

374 3466 460 3499 rerum
476 3455 581 3515 perdtus,
603 3468 652 3502 non
670 3454 796 3516 iungenda
812 3458 920 3504 orricium
961 3471 1058 3521 quoque
1067 3457 1163 3507 διώκειν
1170 3471 1245 3506 sensu
1261 3457 1434 3520 boncponere.
1452 3460 1513 3507 Non

373 3547 467 3579 rerum.
496 3531 544 3581 Sed
562 3532 597 3580 ita
614 3546 726 3595 pergens,
744 3534 877 3583 inciderem
894 3534 920 3582 in
961 3537 1047 3595 video,
1064 3550 1107 3584 cur
1124 3536 1165 3585 hic
1180 3536 1252 3585 unice
1271 3537 1350 3585 bonus
1369 3551 1456 3585 sensus
1473 3553 1512 3587 re·

373 3608 505 3658 fomrulam
522 3613 629 3673 credere,
646 3614 768 3677 confidere
784 3628 877 3672 rerum,
890 3616 920 3663 de
961 3616 1081 3680 quiratur.
1104 3616 1226 3667 Garrulus
1246 3616 1296 3665 iam
1318 3625 1371 3665 erat
1387 3616 1512 3677 offensus,

373 3702 422 3750 qua
431 3689 544 3738 Perizcn.
562 3691 698 3741 adSanctii
709 3693 818 3741 Minerrr.
829 3709 853 3756 p.
865 3694 920 3745 172.
961 3710 1017 3745 cum
1039 3697 1133 3745 rideret
1155 3696 1288 3745 Horatium
1305 3696 1368 3745 velle
1382 3696 1469 3757 abire,
1487 3708 1512 3748 et

407 3770 499 3817 Plurir
540 3772 596 3830 boe,
627 3772 745 3834 inquam,
773 3773 835 3821 artha*
864 3773 919 3823 cria.
960 3776 1074 3825 comitem
1090 3776 1222 3825 molestum
1238 3776 1356 3839 effugere.
1386 3776 1431 3824 Nil
1446 3778 1512 3842 agis,

374 3844 424 3906 Qui
441 3846 476 3892 ita
485 3847 602 3910 loquitur,
618 3850 666 3908 hic,
679 3850 759 3899 iudica
774 3850 919 3912 ClBootio,
960 3854 1053 3919 inquit,
1070 3871 1148 3921 usque
1164 3857 1264 3915 tenebo,
1277 3871 1365 3920 sequar
1375 3863 1400 3905 te
1415 3863 1439 3905 et
1450 3874 1511 3920 per-

373 3924 479 3974 alterum
495 3926 584 3974 blando
600 3942 713 3977 sermone
728 3931 759 3979 ad
770 3932 919 3996 colloquium
959 3950 1066 3998 sequar,
1084 3938 1136 3984 sive
1153 3951 1230 3999 aeque
1249 3951 1348 3999 sequar,
1369 3944 1398 3985 ut
1414 3952 1452 3987 vs.
1467 3940 1510 3988 19,

373 4003 470 4053 invitat.
512 4006 569 4055 Hoc
587 4006 685 4056 nolebat
698 4009 824 4061 Horatius.
849 4013 919 4075 Ergo
960 4014 1010 4065 Sed
1026 4018 1139 4079 persequi
1155 4029 1228 4078 saepe
1247 4030 1298 4064 non
1320 4016 1402 4065 differt
1419 4032 1434 4065 a
1450 4018 1509 4068 sim·

375 4084 442 4133 aliud
452 4085 523 4135 dixit.
535 4085 585 4136 Sed
594 4089 660 4151 quod
669 4096 754 4153 aptum
763 4092 919 4150 est,Bootius
961 4095 1023 4159 plica
1046 4098 1124 4159 aequi.
1165 4095 1216 4144 Vel
1240 4096 1267 4144 in
1292 4095 1409 4146 Terentio
1436 4107 1510 4148 erant

374 4178 424 4213 non
435 4164 583 4215 inveniebat.
600 4167 686 4227 Recte,
694 4175 762 4232 puto,
772 4169 842 4219 vidit.
859 4171 920 4220 For·
961 4174 1076 4238 exempla
1107 4174 1239 4233 nonnulla,
1269 4190 1333 4239 quae
1366 4176 1509 4228 Bentleium

374 4251 439 4292 tasse
448 4260 499 4294 nou
516 4246 648 4308 indignum
660 4249 764 4298 Horatio
776 4263 920 4312 responsum
962 4255 1003 4303 hic
1021 4256 1127 4304 retinere
1152 4254 1302 4319 potuissent,
1331 4254 1353 4303 ai
1376 4261 1440 4303 esset
1470 4270 1508 4305 re·

374 4332 438 4372 erat:
458 4328 550 4374 Paua
569 4328 633 4386 Hoc,
646 4330 757 4391 inquam,
774 4330 845 4377 baud
860 4332 921 4379 milri
961 4336 1082 4384 cordatus.
1124 4335 1158 4384 Et
1186 4335 1288 4383 omnino
1311 4334 1371 4383 talia
1399 4334 1509 4397 pendent

374 4405 433 4459 eris,
448 4404 568 4452 Horatius
586 4420 679 4454 vanum
696 4414 721 4455 et
737 4407 853 4459 stolidum
865 4424 920 4474 gar·
961 4430 977 4461 a
992 4414 1113 4463 sententia
1133 4414 1208 4463 totius
1232 4414 1291 4473 loci,
1316 4431 1340 4463 v.
1357 4428 1378 4462 c.
1402 4414 1507 4463 Lucian.

375 4482 457 4530 rutum
476 4484 551 4532 semel
568 4484 683 4548 ablegare
698 4487 812 4549 cupiam,
831 4490 921 4538 rustice
961 4490 1067 4543 Convir.
1085 4495 1108 4542 4.
1125 4492 1147 4543 εἰ
1163 4496 1226 4558 γοῦν
1242 4493 1352 4554 ἐθελήσω
1374 4492 1507 4544 ἀπαλλάτ-

374 4567 399 4607 et
411 4560 472 4610 irate
483 4563 630 4625 respondet:
643 4579 690 4627 ego
701 4580 750 4614 non
762 4581 818 4615 sum
826 4568 920 4626 doctus,
961 4573 1050 4621 τεσθαι
1074 4576 1136 4635 νῦν,
1160 4573 1206 4621 οὐκ
1230 4571 1312 4631 ἐάσεις
1338 4591 1368 4636 με
1393 4571 1508 4632 ἀνήκοον

375 4653 520 4702 nequeamo
538 4644 633 4705 doctos;
651 4659 701 4693 non
718 4652 756 4693 est
772 4647 859 4710 igitur,
877 4662 920 4695 cur
961 4650 1094 4714 ἀπελθεῖν,
1113 4651 1171 4701 ἀλλ’
1189 4650 1250 4710 ’ἕξεις
1260 4689 1267 4714 ,
1284 4652 1325 4701 καὶ
1348 4653 1507 4717 παρακολου-

373 4727 503 4783 propterca
520 4730 544 4770 ta
561 4724 621 4771 mihi
640 4726 803 4773 commendas.
961 4728 1053 4790 θήσεις.
