3750 5759
847 737 888 745 “··
1417 726 1437 764 V

301 879 464 950 inquibus
488 880 653 936 Iohannem
675 880 759 938 illum
783 882 949 939 Henrieum
973 883 1138 954 Palmium,
1168 885 1281 942 diutius
1305 887 1438 960 negotio·

300 1002 367 1039 rum
388 984 567 1059 participes,
589 995 694 1060 postea
716 987 828 1043 similes
844 987 1004 1044 exstitisse
1027 988 1079 1057 iis,
1103 988 1154 1061 qui
1177 989 1225 1045 vel
1249 990 1436 1047 dissimulare

300 1089 438 1159 mallent,
466 1089 515 1146 vel
541 1091 681 1148 iniectam
707 1093 889 1149 mentionem
911 1093 979 1148 ioco
1000 1093 1255 1164 transmitterent,
1286 1112 1353 1151 cum
1377 1096 1439 1170 glo·

302 1194 376 1250 riori
397 1204 538 1269 possent,
565 1206 711 1269 quantum
738 1215 793 1253 sua
815 1214 935 1269 quoque
963 1217 1055 1272 opera
1082 1199 1152 1254 mali
1179 1206 1259 1255 esset
1280 1218 1436 1271 aversum,

299 1301 372 1355 boni
395 1300 545 1357 effectum.

342 1405 386 1461 Re
409 1407 533 1480 publica
550 1426 577 1463 a.
595 1422 788 1464 Muccxcvm
810 1408 841 1462 vi
855 1408 886 1463 in
902 1426 1011 1463 novam
1027 1407 1152 1464 formam
1168 1426 1321 1480 conversa,
1339 1410 1437 1466 Theo-

299 1510 424 1584 logiam,
452 1512 495 1569 sic
515 1513 731 1582 intermissam,
761 1512 898 1588 repetiit,
925 1513 1045 1585 iamque
1068 1531 1147 1569 anno
1170 1513 1309 1586 sequenti
1336 1515 1383 1571 ius
1407 1524 1437 1572 et

300 1617 477 1674 facultatem
501 1619 578 1674 sacri
600 1619 733 1674 muneris
753 1619 876 1693 petendi
892 1619 1021 1693 adeptus
1037 1628 1091 1675 est.
1125 1618 1266 1692 Quinque
1282 1620 1438 1678 Ecclesiae

299 1722 405 1779 eodem
417 1722 479 1779 fere
491 1730 626 1797 tempore
639 1743 707 1780 eum
718 1725 899 1781 invitabant.
910 1725 1005 1782 Venit
1011 1724 1208 1798 Neomagum,
1221 1744 1290 1782 mox
1301 1725 1437 1782 Laidem.

340 1828 454 1884 Leidae
480 1828 613 1885 amicitia
640 1829 791 1886 Matthiae
820 1829 1047 1904 Siegenbeelrii,
1076 1830 1137 1886 iam
1164 1830 1243 1887 inter
1269 1849 1379 1906 pueros
1407 1831 1439 1886 in

300 1933 455 1989 subselliis
477 1931 637 2008 Gymnasii
659 1942 829 2004 eontracta,
857 1934 969 1990 indicio
996 1934 1104 1990 aetatis
1129 1935 1341 1991 constantioris
1375 1953 1439 1992 cor·

298 2039 510 2095 roborabatur.
558 2039 667 2112 Neque
689 2040 720 2095 in
737 2039 790 2095 illa
804 2058 919 2097 morum
935 2040 1163 2112 studiorumque
1179 2040 1373 2097 similitudine
1388 2042 1441 2098 ali-

299 2152 348 2199 ter
369 2144 434 2200 fieri
456 2152 586 2219 poterat.
629 2144 761 2218 Magnus
785 2143 816 2199 in
838 2145 929 2201 rebus
949 2145 1042 2201 sacris
1063 2154 1094 2201 et
1113 2145 1253 2202 civilibus
1267 2163 1439 2215 consensus,

299 2248 396 2305 multa
424 2250 570 2306 sermonis
597 2257 627 2305 et
647 2249 791 2306 historiae
814 2248 1008 2305 Neerlandae
1032 2249 1171 2320 scientia,
1199 2268 1283 2306 amor
1304 2258 1440 2306 veterum

301 2353 471 2421 literarum,
499 2354 646 2412 mentium
666 2354 777 2410 lenitas
800 2361 831 2409 et
858 2353 1003 2422 facilitas,
1029 2354 1282 2440 necessitudinem
1306 2355 1348 2410 ita
1371 2373 1440 2411 con-

298 2459 471 2530 firmarunt,
494 2469 528 2516 ut
549 2468 698 2535 perpetua
720 2461 877 2532 utriusque
893 2461 958 2517 vita
974 2478 1130 2534 nunquam
1146 2461 1293 2534 friguerit.
1318 2461 1440 2535 Siegen-

301 2563 426 2620 bachius
447 2565 569 2637 quidem
591 2574 700 2621 natura
722 2574 783 2622 tam
805 2567 885 2622 mitis
907 2575 937 2621 et
955 2566 1092 2640 placidus
1110 2575 1189 2636 arat,
1212 2574 1246 2622 ut
1264 2564 1331 2621 fere
1349 2566 1439 2622 irasci

300 2689 362 2725 non
387 2688 475 2744 posse
498 2671 668 2740 videretur,
692 2690 747 2727 nec
769 2672 893 2727 multum
916 2673 1049 2741 abesset,
1079 2671 1165 2743 quin,
1189 2670 1239 2743 qui
1266 2671 1387 2745 indigne
1409 2672 1441 2727 in

301 2775 441 2830 dextram
465 2775 574 2831 malam
597 2777 811 2850 percussisset,
837 2776 934 2831 eidem
957 2784 987 2831 et
1009 2776 1161 2832 sinistram
1180 2777 1349 2851 praeberet.
1384 2776 1443 2832 Ta·

301 2867 339 2935 lis
374 2880 566 2954 septuaginta
592 2897 688 2937 annos
711 2880 823 2954 cogniti
846 2889 941 2936 mort-e
965 2881 1102 2936 Vriesius
1128 2881 1169 2936 sic
1192 2882 1302 2951 doluit,
1331 2889 1365 2936 ut
1388 2899 1442 2954 ego

301 3002 384 3040 nunc
406 2985 493 3042 doleo
514 2986 611 3042 illius.

350 3089 447 3146 Laida
468 3091 634 3166 profectus,
657 3111 684 3148 a.
706 3106 852 3148 uneeom
875 3091 957 3146 venit
979 3090 1169 3161 Harlemum,
1193 3109 1317 3164 eamque
1339 3109 1444 3166 perpe·

303 3207 387 3252 tuam
410 3214 511 3254 rerum
536 3216 658 3254 suarum
680 3198 783 3254 sedem
809 3197 924 3252 habuit.

356 3300 389 3359 Si
416 3318 507 3374 quam
532 3303 625 3358 vellet
650 3305 756 3360 urbem
782 3304 810 3359 ei
837 3304 936 3376 legere
964 3303 1066 3358 datum
1093 3301 1215 3370 fuisset,
1248 3320 1307 3357 non
1339 3302 1443 3368 aliam,

305 3417 395 3483 puto,
419 3408 552 3482 legisset.
594 3408 706 3465 Vicina
727 3409 955 3465 Amstelodamo
980 3416 1010 3463 et
1035 3406 1149 3463 Leidae
1174 3406 1288 3461 vicinos
1314 3404 1445 3461 faciebat

306 3511 418 3567 amicos
439 3520 470 3567 et
491 3485 650 3586 cognatos,
678 3513 708 3569 in
732 3513 842 3586 quibus
864 3512 1084 3586 Hieronymum
1110 3508 1287 3577 Boschium,
1315 3527 1446 3566 avuncu-

305 3617 383 3688 lum,
407 3616 531 3674 fratrem
556 3618 792 3693 Hieronymum,
822 3619 853 3673 in
880 3617 1079 3691 scriptoribus
1106 3615 1238 3686 antiquis
1264 3614 1344 3670 haud
1373 3633 1445 3670 sane

306 3721 499 3778 mediocriter
519 3733 688 3793 versatum,
710 3724 866 3780 literarum
892 3721 1132 3778 Neerlandarum
1156 3720 1325 3793 cognitione
1348 3720 1445 3776 libris·

308 3844 366 3898 que
389 3827 477 3883 editis
499 3829 626 3898 clarum,
654 3846 742 3901 quem
763 3827 798 3884 de
813 3826 1005 3902 simplicitate
1031 3834 1092 3882 tam
1114 3826 1269 3899 eleganter
1290 3824 1445 3899 scripsisse

309 3950 410 4002 nemo,
433 3933 485 4005 qui
502 3942 641 4003 noverat,
659 3933 784 3989 miratus
799 3941 859 3988 est:
875 3934 1026 3989 Joannem
1045 3931 1241 3988 Melchiorem
1252 3931 1445 4004 Kamperum,

310 4036 423 4093 sororis
445 4038 595 4108 maritum,
617 4038 692 4094 iuris
715 4037 937 4112 peritissimum,
956 4037 1071 4093 illustre
1089 4037 1249 4110 probitatis
1268 4035 1445 4109 exemplum,

311 4160 404 4197 unum
433 4160 472 4197 ex
497 4142 651 4215 generosis
680 4141 798 4216 patriae
826 4142 986 4216 tyrannide
1013 4139 1237 4215 NapoleonisI
1270 4139 1446 4196 liberandae

312 4247 503 4316 auctoribus,
528 4256 558 4302 ct
579 4247 711 4303 restituti
731 4247 859 4303 nominis
882 4246 1050 4303 Neerlandi
1072 4252 1224 4301 statorem.

354 4352 547 4423 Harlemum,
574 4363 608 4410 ut
629 4371 664 4409 eo
685 4363 834 4423 revertar,
862 4363 893 4410 et
919 4353 1018 4426 ipsum
1043 4351 1138 4406 multa
1164 4349 1310 4418 habebat,
1339 4366 1393 4403 cur
1420 4347 1447 4402 ei

313 4458 528 4513 iucundissima
559 4458 648 4514 statio
684 4475 749 4514 esse
780 4457 928 4514 debuerit.
984 4453 1116 4512 Gerebat
1150 4453 1230 4509 fumo
1264 4460 1293 4508 et
1320 4450 1447 4525 strepitu

314 4581 491 4636 magnarum
513 4563 641 4618 urbium.
679 4561 807 4618 Placida
828 4563 976 4635 regnabat
998 4560 1098 4632 quies:
1121 4557 1258 4632 pluribus
1280 4557 1463 4619 incohare,

314 4668 428 4740 liquiae
467 4686 558 4742 opum
587 4677 779 4741 paternarum
801 4675 980 4741 supererant
1001 4666 1082 4720 haud
1103 4664 1349 4732 contemnendae,
1373 4680 1449 4717 corn·
