3750 5759
428 672 468 733 94
821 667 1171 733 SATlllAltUlll

472 854 557 918 Nam
583 853 768 918 Venusinus
793 860 864 918 arat
886 853 986 918 finem
1011 854 1072 919 sub
1096 860 1270 937 utrumque
1293 851 1445 934 colonus,

473 954 595 1020 Missus
620 955 762 1038 adhoc,
787 956 912 1041 pulsis,
937 962 1031 1021 vetus
1056 963 1106 1021 est
1129 962 1167 1020 ut
1189 954 1293 1037 fama,
1320 953 1475 1036 Sabellis,
1504 986 1507 991 ’

474 1060 545 1139 Quo
568 1081 609 1124 ne
631 1080 850 1144 pervacuum
874 1060 1023 1125 Romano
1047 1060 1225 1125 incurreret
1246 1057 1369 1142 hostis,

475 1162 550 1228 Sive
573 1160 659 1247 quod
686 1163 821 1248 Appula
842 1184 924 1248 gens
950 1184 1007 1228 seu
1030 1163 1117 1248 quod
1141 1161 1285 1227 Lucania
1307 1159 1434 1226 bellum

474 1267 640 1331 Incuteret
662 1265 816 1331 violenta
866 1266 930 1332 Sed
953 1266 1006 1332 hic
1031 1266 1128 1331 stilus
1151 1265 1240 1331 haud
1262 1269 1354 1350 petet
1376 1264 1463 1329 ultro

474 1368 678 1455 Quemquam
701 1370 921 1452 animantem,
947 1377 980 1435 et
1003 1391 1056 1435 me
1079 1369 1182 1434 veluti
1206 1368 1371 1434 custodiet
1393 1366 1479 1432 ensis

472 1473 603 1559 Vagina
626 1479 752 1551 tectus3
777 1496 873 1559 quem
898 1496 955 1539 cur
979 1473 1180 1558 destringere
1204 1494 1318 1556 coner,

473 1578 575 1642 Tutus
599 1578 641 1642 ab
664 1577 793 1642 infestis
816 1578 1020 1642 latronibus?
1066 1577 1094 1644 Ο
1117 1583 1211 1663 pater
1234 1582 1267 1642 et
1290 1598 1346 1642 rex

474 1681 614 1765 Iupiter,
638 1686 677 1745 ut
699 1688 811 1766 pereat
833 1681 980 1766 positum
1004 1681 1155 1766 rubigine
1179 1681 1300 1763 telum,

474 1782 542 1848 Nec
566 1783 740 1871 quisquam
763 1791 879 1850 noceat
902 1784 1021 1871 cupido
1045 1785 1128 1849 mihi
1151 1784 1259 1871 pacis!
1305 1784 1353 1847 At
1376 1781 1450 1865 ille,

476 1887 540 1966 Qui
563 1910 616 1953 me
638 1889 829 1968 commorit,
853 1889 972 1954 melius
997 1911 1063 1954 non
1087 1901 1221 1974 tangere
1243 1888 1366 1968 clamo,

476 1991 587 2057 Flebit
610 1998 643 2058 et
666 1992 807 2078 insignis
832 2000 903 2059 tota
925 1994 1112 2058 cantabitur
1135 1993 1222 2058 urbe.

476 2093 611 2161 Cervius
635 2096 738 2162 iratus
761 2098 850 2182 leges
874 2097 1049 2163 minitatur
1072 2103 1106 2163 et
1127 2119 1262 2179 urnam,

477 2199 615 2264 Canidia
637 2201 771 2284 Albuti,
796 2201 914 2287 quibus
938 2209 989 2267 est
1012 2201 1164 2285 inimica,
1190 2222 1369 2282 venenum,

430 2313 528 2361 colonia
544 2314 660 2374 militari,
681 2325 754 2379 gente
771 2318 833 2366 adeo
849 2317 978 2374 bellicosa,
1019 2331 1068 2364 non
1081 2322 1182 2378 tnepere
1193 2317 1282 2371 cletiro,
1293 2315 1385 2363 Flebit.
1411 2312 1482 2360 Ireto
1493 2305 1639 2358 acrioff'

432 2391 499 2456 pacis
516 2401 599 2442 tamen
613 2410 700 2444 amans
712 2412 782 2455 sum;
799 2397 924 2445 neminem
936 2411 979 2458 ag·
1020 2402 1045 2444 et
1061 2395 1170 2443 acerbior
1185 2392 1343 2442 comminatio
1361 2391 1486 2448 convenit,
1496 2387 1640 2454 (11111151

432 2473 547 2535 grediar,
576 2474 624 2522 nisi
651 2475 804 2524 lacessitus“
847 2475 980 2525 Raucheu·
1021 2489 1064 2537 per
1079 2475 1238 2537 parenthesin
1254 2472 1401 2521 ostenditur.
1431 2471 1467 2519 Et
1480 2467 1641 2518 Melia?

431 2551 534 2600 steinius
545 2552 596 2601 fere
613 2553 787 2618 interpretatus
803 2561 869 2612 erat,
886 2562 913 2602 ut
926 2567 980 2616 ego.
1022 2569 1070 2602 rien
1088 2558 1203 2614 tenuere!
1225 2552 1300 2601 habet
1322 2565 1433 2600 amaram
1456 2548 1557 2597 ironiam
1564 2570 1641 2606 Ξ

467 2632 490 2679 0
505 2638 580 2694 pater
596 2640 620 2680 et
637 2650 683 2682 rex
710 2634 821 2697 Iupiter,
843 2640 873 2681 ut
892 2637 981 2695 pereat
1022 2633 1096 2697 inque
1114 2648 1142 2682 eo
1159 2640 1196 2685 est
1213 2633 1292 2681 maior
1308 2630 1429 2679 acerbitas
1446 2643 1522 2693 quam
1539 2630 1640 2677 vif

429 2711 542 2771 positum
567 2715 680 2774 rubigine
707 2716 790 2762 tetum.
833 2714 880 2762 Est
904 2710 981 2761 Calli-
1022 2713 1102 2762 detur.
1136 2713 1171 2762 Et
1187 2713 1222 2760 sic
1238 2712 1265 2759 in
1282 2710 1391 2768 Graeco,
1408 2710 1514 2773 ἄμεινον
1529 2709 1605 2769 iivae

431 2789 520 2848 machi,
538 2798 566 2839 ut
583 2799 680 2840 notum:
699 2795 744 2842 tet
762 2793 855 2857 πάτερ,
879 2792 913 2848 ὡς
930 2796 980 2839 Χα·
1022 2792 1127 2840 Lucian.
1145 2791 1260 2840 Pseudol.
1282 2791 1323 2839 31.
1345 2789 1421 2853 ὁρᾷς,
1450 2788 1484 2846 ὠς
1510 2789 1639 2853 derel

431 2868 522 2930 λύβων
540 2871 594 2918 πᾶν
610 2870 735 2920 ἀπόλοιτο
753 2871 840 2935 γένος,
857 2870 981 2920 redditum
1024 2889 1071 2921 νον
1093 2872 1126 2931 ἦν
1148 2888 1189 2920 σοι
1210 2869 1331 2929 ἀκίνητον
1351 2867 1401 2927 τὴν
1418 2866 1620 2932 Καμαρίναιΐ

431 2947 571 2998 aCatu110:
585 2951 700 3012 Iupiter,
715 2957 743 2997 ut
762 2951 903 3012 Chalybum
913 2965 983 2998 ornae
1023 2951 1084 3016 ἐᾷν,
1108 2950 1169 3015 μηδὲ
1187 2948 1332 3014 καταγελᾷν
1348 2950 1394 3005 τῆς
1412 2944 1598 3010 ἀποφράδος,

431 3043 506 3088 peius
521 3035 618 3089 pereat.
648 3028 689 3077 Illi
705 3028 797 3076 bellum
814 3029 931 3076 universe
948 3029 982 3076 sic
1023 3030 1039 3090 ἥ
1063 3048 1104 3079 σοι
1126 3026 1263 3093 ἀποφράδα
1279 3027 1326 3077 τὸν
1341 3024 1404 3087 βίον
1421 3023 1486 3074 ὅλον
1500 3021 1571 3088 ἐργά·

432 3107 592 3154 detestantur.
625 3108 746 3156 Horatius
768 3107 818 3155 alio
840 3108 914 3155 modo
935 3108 983 3156 ista
1024 3125 1107 3166 cerea·
1130 3108 1214 3170 Quare
1231 3106 1258 3154 in
1274 3105 1380 3154 Horatio
1396 3103 1509 3153 mallem:
1539 3109 1594 3152 A?

432 3186 458 3232 in
475 3200 527 3233 rem
544 3201 616 3234 suam
632 3187 759 3237 convertit.
793 3187 893 3242 Telum,
909 3189 983 3245 ensis3
1024 3189 1079 3249 itti,
1101 3188 1154 3246 Qut
1171 3202 1209 3235 me
1230 3187 1371 3242 collectarii,
1396 3185 1504 3242 „melim
1526 3199 1577 3232 nou

433 3264 510 3313 telum
527 3267 723 3328 positum,ensis
735 3268 827 3331 vagina
837 3274 929 3324 tectus,
942 3282 982 3330 pe·
1024 3271 1151 3329 tonuere,“
1168 3268 1254 3315 clunia
1288 3265 1358 3313 Inter
1373 3263 1483 3312 Acronia
1501 3261 1574 3312 Sebo-

433 3353 486 3393 reat·
503 3345 624 3409 rubigine.
659 3348 690 3396 In
708 3362 737 3395 co
753 3348 982 3410 positiunmihiea-
1024 3345 1059 3393 lia
1075 3352 1100 3394 et
1116 3346 1163 3394 hoc
1179 3345 1284 3408 legitur:
1302 3341 1356 3401 „Ut
1372 3355 1476 3390 menon
1487 3348 1572 3404 tangas

432 3426 464 3474 tis
481 3441 663 3489 supervacuum
685 3428 790 3476 videtur.
824 3426 912 3489 Longe
933 3441 983 3476 me·
1025 3425 1064 3473 illi
1081 3425 1193 3473 clamo.“⁴
1212 3422 1272 3472 Vel.
1283 3421 1389 3471 Flaccus
1401 3421 1489 3471 mee
1518 3423 1572 3472 Clu-

432 3505 622 3567 liusqupitee,
635 3513 663 3553 nt
676 3508 985 3569 perectpotiusrubipine
1025 3512 1181 3568 aientemque
1211 3503 1286 3567 putri
1317 3503 1407 3564 procat
1433 3501 1573 3550 ostentabat

433 3588 518 3634 telum.
551 3586 594 3633 Ex
610 3583 741 3635 POTIUS
758 3585 914 3648 transpositis
930 3585 983 3635 lite·
1027 3585 1158 3634 Achillem.

433 3663 467 3712 ris
488 3665 597 3713 nascitur
613 3662 753 3714 POSITU.
776 3665 908 3714 Neminem
919 3663 985 3714 ultro
1062 3664 1158 3720 Flebit,
1182 3666 1207 3708 et
1231 3660 1338 3722 irceipnie
1357 3663 1412 3707 tota
1431 3660 1574 3709 cantabitur

433 3745 577 3806 aggredior,
594 3750 622 3791 ut
638 3743 796 3791 Venusinam
809 3744 884 3793 decet.
910 3745 984 3793 Ensis
1026 3746 1093 3790 arbe.
1136 3739 1198 3789 Plus
1229 3745 1312 3787 autern
1345 3743 1383 3785 est
1416 3740 1573 3796 cantabitur,

434 3837 485 3882 me,
507 3822 585 3872 veluti
601 3823 693 3884 vagina
709 3823 835 3879 conditae,
856 3825 983 3874 custodiet.
1025 3836 1100 3885 quam
1126 3819 1187 3868 meis
1217 3816 1365 3866 carminibus
1395 3816 1574 3885 divulgabitur,

434 3903 516 3964 Quem
538 3916 582 3951 eur
599 3903 752 3964 destringere
773 3906 861 3951 coner?
894 3904 984 3953 Pereat
1026 3900 1109 3948 fabula
1135 3898 1184 3947 fiet.
1218 3896 1308 3961 Cogita
1330 3912 1355 3944 v.
1373 3909 1394 3944 e.
1415 3897 1490 3957 illud,
1513 3897 1574 3961 quod

433 3981 495 4030 illud
512 3981 591 4029 telum
608 3981 687 4044 potius
704 3983 830 4046 rubigine,
852 3997 898 4032 nec
918 3984 984 4046 quis·
1025 3987 1063 4028 est
1090 3979 1156 4043 apud
1185 3980 1220 4028 A.
1251 3978 1314 4029 Gell·
1344 3979 1377 4027 N·
1407 3979 1442 4026 A·
1472 3978 1522 4028 IV.
1550 3991 1574 4024 V·

434 4076 509 4124 quam
526 4061 608 4124 potius
624 4061 686 4108 mihi
702 4069 796 4110 noceat.
830 4064 867 4112 At
883 4077 929 4120 vae
940 4062 983 4120 illi,
1028 4063 1099 4109 Tunc
1116 4061 1210 4122 igitur,
1232 4061 1298 4121 qaod
1313 4060 1340 4107 in
1359 4061 1486 4109 Etruscos
1502 4060 1575 4106 baru-

434 4141 476 4203 qui
501 4154 541 4188 me
566 4140 708 4197 commorit,
733 4149 758 4189 et
782 4155 866 4189 ensem
891 4143 984 4206 vagina
1024 4142 1101 4203 spicea
1123 4141 1187 4188 erecte
1204 4141 1358 4189 cumulantes
1375 4141 1575 4188 citimudeeraan

434 4221 528 4269 nudare
545 4220 660 4282 coegerit.
694 4219 821 4269 Scholium
832 4221 983 4286 Porphyrio-
1024 4221 1229 4281 vindicatumque
1239 4217 1347 4281 suaet,
1363 4233 1450 4267 cesus
1467 4218 1575 4268 bicecite

434 4301 472 4349 nis
483 4307 625 4363 corruptum
635 4306 683 4347 eet:
701 4300 838 4357 „Tractum
846 4315 879 4349 ex
887 4300 984 4351 Graeco
1019 4299 1112 4361 chtue
1129 4303 1298 4360 canteturque
1314 4311 1365 4346 eece
1382 4313 1399 4345 a
1415 4299 1505 4359 pueris
1521 4297 1576 4344 arbe
1674 4356 1675 4361 ¹

434 4379 492 4428 boc:
505 4380 524 4427 ὦ
536 4379 688 4429 άπόλλοιτο.
706 4379 770 4428 idem
783 4382 849 4430 euim
860 4382 984 4445 significat
1025 4385 1079 4428 tcta
1089 4379 1193 4442 fer-tar:
1216 4380 1318 4426 illatam
1335 4379 1470 4427 consutam
1481 4378 1572 4428 comui·

435 4466 464 4507 at
480 4460 546 4522 quod
562 4459 612 4507 illic
628 4459 660 4518 ὦ,
677 4459 692 4508 i.
710 4462 860 4511 e.utinam.“
885 4463 983 4526 Legen·
1026 4461 1077 4508 tort
1086 4461 1222 4522 pessimum
1233 4463 1277 4506 est.
1289 4456 1332 4506 vel
1343 4457 1427 4520 potius
1436 4459 1576 4521 pessimum,

434 4539 509 4594 dum,
525 4545 554 4586 ut
569 4537 651 4601 quivis
668 4538 748 4596 videt,
765 4541 799 4598 ὡς
817 4539 942 4591 <iniicere
960 4549 984 4590 et
1026 4546 1055 4587 ut
1072 4538 1139 4586 etin
1155 4537 1294 4595 Hesiodeo,
1319 4536 1335 4596 ἡ
1362 4536 1388 4586 δὲ
1413 4539 1478 4597 κακὴ
1495 4535 1574 4598 βουλή

436 4617 470 4674 ὡς
486 4618 502 4664 i.
520 4631 541 4665 e.
558 4619 665 4665 atinum.
1025 4622 1059 4667 τῶ
1083 4617 1253 4680 βουλεύσαντι
1274 4616 1386 4676 κακίστη,
1420 4617 1457 4666 Et
1477 4616 1576 4666 verbum
1674 4640 1675 4645 ¹

468 4700 506 4744 et
527 4697 570 4744 itte
598 4696 651 4754 Qui
673 4713 710 4746 me
731 4702 873 4759 coriirnorit,
894 4700 983 4748 melius
1025 4697 1051 4744 in
1068 4696 1210 4746 huiusmodi
1227 4695 1354 4746 sententiis
1371 4695 1454 4746 omitti
1470 4697 1540 4747 solet.
