3750 5759
721 701 747 764 Ι.
793 718 919 765 esurus
944 717 992 764 vr.
1016 717 1077 762 v11.
1383 698 1445 762 183

315 891 362 938 mis
379 889 508 937 hominum
525 891 611 937 innata
627 903 680 938 cese
696 889 817 938 videatur.
850 889 993 952 Exempla,
1015 887 1181 936 monumentis
1198 885 1326 934 literarum
1343 887 1444 945 tradite,

315 985 365 1019 non
382 971 463 1032 prima
478 978 543 1019 sunt.
576 969 658 1020 Crede
682 970 756 1029 mihi,
783 970 834 1019 noli
851 970 979 1028 dubitare,
1004 975 1061 1018 ante
1078 967 1183 1018 Tullum
1200 967 1285 1016 vixere
1301 967 1348 1015 riri
1363 967 1446 1030 probi,

315 1050 419 1113 ignobili
435 1050 523 1114 stirpe,
540 1058 625 1100 temen
640 1050 775 1100 honoribus
793 1050 882 1100 ornati.
899 1048 995 1099 Contra
1010 1049 1076 1099 nosti
1094 1047 1234 1098 Laevinum
1250 1046 1313 1095 nihil
1330 1047 1446 1104 vaiuhse,

315 1131 395 1179 iudice
411 1131 514 1194 populo,
532 1133 674 1195 etquidem
691 1145 731 1190 eo,
749 1132 792 1195 qni
808 1131 926 1179 bonorem
944 1144 1017 1193 seepe
1033 1130 1076 1178 dat
1091 1129 1208 1193 indignis.

364 1213 484 1266 Horatius
500 1213 646 1262 sententium
664 1211 795 1261 confirmet
810 1225 843 1260 ex
859 1211 1030 1274 antiquissima
1046 1209 1169 1269 historia,
1184 1215 1213 1257 nt
1229 1207 1298 1257 solet.
1323 1207 1393 1257 Talis
1409 1223 1447 1257 ar·

315 1294 468 1356 gumentatio
484 1301 521 1343 est
537 1292 621 1344 Germ
639 1294 688 1343 IV.
708 1306 748 1342 rx.
769 1292 799 1342 13
816 1307 852 1356 sq.
873 1294 964 1341 Vieere
974 1293 1060 1356 sortes
1076 1298 1133 1340 ante
1155 1291 1347 1354 Agamemnona
1362 1289 1447 1339 Multi.

314 1375 373 1423 Non
390 1389 463 1437 saepe
479 1378 568 1435 multi,
594 1375 670 1424 utin
691 1380 776 1424 nostro
798 1373 852 1422 loco
873 1372 974 1437 legitur.
1007 1372 1084 1422 Adde
1100 1373 1122 1421 I.
1145 1370 1218 1422 Satir.
1241 1384 1281 1418 111.
1304 1370 1360 1423 107.
1379 1372 1448 1419 Nam

308 1453 369 1514 fuit
385 1459 444 1503 unte
462 1456 585 1504 Helenam
602 1468 699 1505 cunnus
716 1456 847 1504 teterrinro
863 1454 923 1502 belli
942 1449 1048 1502 Gaussd.
1080 1451 1158 1500 Recte
1173 1457 1257 1500 entem
1272 1451 1343 1501 nese
1359 1449 1390 1499 de
1405 1463 1449 1504 eo,

315 1532 383 1594 quod
398 1546 458 1581 vero
477 1533 632 1582 simillimum
655 1540 709 1590 est,
730 1534 774 1583 sed
795 1531 960 1582 demonstrari
979 1544 1031 1579 non
1051 1536 1147 1594 potest,
1168 1533 1234 1580 noeti
1258 1531 1289 1580 de
1313 1541 1354 1589 ec,
1382 1528 1448 1593 quod

265 1636 275 1653 ·.
315 1613 482 1661 demonstrari
498 1627 548 1662 non
563 1628 625 1678 opus
641 1621 686 1663 est.

364 1693 395 1742 P.
412 1694 451 1745 57.
487 1694 611 1758 Cornifici
635 1696 743 1743 tradere.
787 1693 872 1755 Nepos
900 1692 1026 1742 Phocione
1042 1691 1091 1742 IV.
1120 1691 1244 1740 Truditur
1267 1696 1306 1740 est
1322 1691 1446 1740 undecim·

315 1771 391 1829 oiris,
407 1774 496 1834 quibus
512 1775 547 1822 od
562 1775 714 1837 supplicium
730 1774 828 1836 publice
844 1773 961 1820 minuati
978 1773 1049 1821 madi
1064 1771 1151 1821 suunt.

365 1851 396 1899 P.
413 1853 453 1904 67.
489 1853 596 1904 Caroeri
612 1855 718 1903 abditos.
750 1851 838 1901 Lirim
855 1851 959 1901 XXVI.
978 1851 1016 1902 15.
1042 1854 1079 1900 In
1095 1865 1221 1902 taronem
1236 1851 1338 1900 conditi.

364 1933 396 1981 P.
413 1934 452 1985 57.
486 1935 591 1983 Funera
612 1949 710 1996 moena.
745 1932 810 1984 Sunt
833 1939 859 1982 et
874 1934 956 1996 repta,
982 1933 1124 1996 mupnitica
1159 1931 1224 1982 Vide
1248 1932 1393 1993 interpretes
1417 1929 1449 1976 ad

321 2010 419 2074 Nepotis
436 2012 542 2061 Eumcn.
558 2013 608 2063 IV.
624 2000 627 2003 ’

366 2093 395 2140 P.
412 2092 452 2140 60.
486 2095 570 2155 Atque
585 2094 648 2142 ulios
666 2090 743 2156 lepere
759 2092 915 2156 adsuetum.
949 2093 991 2142 Iis
1013 2088 1295 2146 tristissumum
1317 2086 1389 2136 fieret
1410 2085 1448 2135 illi

319 2177 424 2233 potestas
442 2171 552 2233 eligendi
572 2187 587 2219 a
609 2172 666 2221 fatis
687 2186 748 2235 quoe
770 2172 844 2222 vellet
859 2174 990 2235 perentes“
1017 2169 1105 2220 coniici
1129 2176 1223 2232 posset,
1248 2168 1276 2217 in
1303 2166 1450 2231 quibusdam

321 2250 398 2302 Mss.
415 2252 503 2300 fuisse:
530 2253 568 2300 Ae
590 2254 689 2301 licitum
710 2253 754 2301 boe
771 2253 850 2315 tepere
865 2268 882 2300 a
892 2252 969 2316 fotis.
1004 2251 1069 2301 Mihi
1085 2250 1181 2300 licitum
1198 2256 1235 2299 est
1252 2251 1283 2298 ab
1299 2249 1356 2308 illm
1372 2247 1449 2309 signi·

320 2330 378 2380 licat
392 2349 439 2397 per
455 2333 542 2390 illum,
560 2338 681 2395 quantum
698 2333 730 2380 ed
747 2331 820 2381 illum
837 2332 933 2381 eninm

742 2515 775 2556 Ι.
811 2503 950 2555 SATIBA
967 2504 1030 2554 VII.
1126 2498 1130 2509 ¹

368 2647 399 2695 P.
415 2647 455 2697 63.
489 2649 634 2710 Proscripti
659 2648 738 2710 Repis
762 2648 857 2710 Rupili
879 2661 929 2710 pus
952 2652 1029 2710 atque
1050 2661 1178 2696 venenum.
1211 2646 1310 2694 Nomen
1326 2644 1452 2708 Rupiliis

319 2741 384 2790 eripe
400 2729 506 2776 ducitur.
540 2727 615 2776 Talia
639 2731 700 2775 sunt
718 2727 803 2786 Sasu,
825 2728 922 2783 Petro,
946 2727 1099 2784 Petronius,
1122 2726 1252 2782 Petreius,
1273 2731 1299 2774 et
1314 2739 1452 2788 cognomen

320 2809 404 2855 Petra
427 2809 494 2871 apud
508 2809 588 2858 Tacit.
605 2808 676 2858 Anu.
694 2808 743 2858 XI.
759 2809 784 2858 4.
816 2808 872 2857 Iam
888 2808 970 2872 prima
991 2809 1017 2857 in
1034 2822 1110 2870 rupes
1126 2807 1281 2870 producitur;
1305 2821 1382 2870 quare
1402 2807 1451 2869 pri·

320 2902 387 2935 mum
410 2889 436 2937 in
461 2890 565 2952 Rupilio
586 2890 627 2938 hic
647 2889 736 2953 corripi
757 2890 842 2938 miror.
875 2889 1009 2938 Horatium
1035 2888 1162 2951 scripsisse
1182 2888 1264 2952 potius
1281 2888 1368 2936 credo:
1387 2890 1452 2938 Pro·

319 2969 412 3028 scripti
429 2969 508 3032 Rapis
524 2971 618 3031 Rupili
630 2986 729 3033 pusque
743 2985 910 3032 venenumque
934 2971 1063 3032 Hybrtdu.
1096 2967 1303 3031 Autepenuliima
1325 2967 1351 3015 in
1369 2968 1452 3031 Rupi-

319 3047 370 3094 lius
385 3048 542 3109 producitur,
558 3055 586 3097 ut
601 3049 629 3097 in
646 3051 775 3106 Lucilius,
791 3055 816 3098 et
834 3051 954 3098 Rutilius
971 3049 1038 3113 apud
1057 3048 1129 3100 ovid.
1147 3050 1215 3099 Fast.
1232 3048 1282 3098 VI.
1300 3049 1356 3098 663.
1375 3051 1452 3098 Hane

321 3127 378 3185 tibi,
400 3143 448 3188 quo
467 3144 599 3190 properas,
621 3135 759 3178 memorant
776 3130 883 3187 dixisse,
897 3131 1013 3189 ‘Rutili
1042 3135 1067 3178 et
1088 3129 1163 3178 Pont.
1184 3129 1453 3179 I.111.63.ubivide

321 3204 462 3268 Micyllum.
496 3208 539 3256 An
555 3209 643 3270 poetae
658 3224 704 3271 pro
722 3210 847 3272 Rupilius
863 3210 1011 3258 usitaverint
1029 3210 1156 3272 Rupilus,
1173 3223 1206 3257 an
1217 3210 1325 3258 Rutilus
1340 3223 1386 3272 pro
1398 3211 1452 3259 Ru-

322 3287 411 3346 tilius,
427 3302 495 3335 nunc
511 3304 561 3336 non
577 3304 676 3352 quaero.

371 3366 402 3415 P.
419 3368 460 3416 64.
497 3369 597 3418 Ultima
613 3385 686 3418 mors.
702 3370 738 3417 Et
755 3369 866 3420 Gronov.
883 3369 950 3419 Livii
967 3369 1054 3419 XLV.
1073 3369 1110 3417 19.
1127 3385 1162 3418 an
1183 3371 1302 3418 ultimum
1321 3371 1386 3418 mori
1402 3371 1452 3418 ius·

320 3463 410 3496 surum
426 3449 602 3511 interpretetur
618 3451 737 3513 denique,
754 3453 790 3499 ud
804 3451 931 3499 ultimum.

372 3529 401 3577 P.
418 3530 458 3578 64,
493 3531 645 3580 Muneribus
669 3531 759 3579 missis.
793 3530 895 3580 Interes
919 3537 1003 3579 tamen
1024 3543 1074 3578 non
1096 3527 1302 3586 obhviscendum,
1324 3528 1453 3590 scriptores

321 3623 395 3671 saepe
410 3609 442 3656 sd
458 3623 543 3658 versus
560 3610 664 3659 Homeri
680 3610 830 3673 respexisse,
846 3616 875 3658 ut
891 3625 937 3658 sua
948 3610 982 3658 eis
991 3608 1111 3657 memoria
1121 3608 1283 3670 suggerebst3
1299 3622 1349 3671 quo
1359 3607 1453 3656 fectum

322 3695 372 3746 est,
389 3696 418 3736 ut
433 3689 474 3737 vel
496 3689 571 3738 eliam
591 3689 649 3739 inde
666 3691 812 3738 sententiam
829 3691 963 3750 ducerent,
987 3690 1029 3738 vel
1051 3689 1077 3736 in
1098 3688 1238 3737 nominibus
1263 3694 1381 3737 errarent.
1413 3689 1454 3737 Ita

323 3769 407 3831 Nepos
423 3769 450 3817 in
465 3769 573 3818 Datame
597 3769 634 3818 H.
654 3776 740 3818 narrat
766 3770 928 3833 Pylamenem
951 3784 966 3816 s
991 3769 1108 3819 Patroclo
1128 3768 1285 3817 interfectum
1306 3781 1373 3826 esse,
1397 3782 1453 3816 eum

323 3849 461 3908 Homerus,
482 3864 556 3914 quem
572 3850 670 3908 lurdat,
695 3865 710 3898 a
731 3850 846 3899 Menelao
862 3850 1021 3899 interfectum
1042 3850 1115 3898 dicat.
1148 3849 1216 3899 Vide
1237 3862 1300 3912 quae
1320 3848 1404 3897 Bremi
1422 3848 1454 3897 ad

324 3928 447 3992 Nepotem
464 3930 599 3978 annotavit.

374 4008 404 4056 P.
422 4010 462 4057 65.
497 4012 585 4058 Ditem
602 4009 700 4069 Asiam,
718 4011 809 4074 Rupili
825 4015 850 4059 et
868 4012 946 4058 Persi
961 4025 1011 4072 pur
1026 4014 1137 4072 pupnat,
1154 4010 1267 4058 utinen.
1290 4007 1317 4058 si
1333 4008 1413 4072 prima
1427 4010 1454 4058 iu

326 4089 421 4150 Rupili
436 4103 487 4136 non
502 4095 583 4152 potest
599 4090 700 4153 corripi,
717 4091 758 4138 hie
773 4089 929 4138 scribendum
946 4089 1003 4139 erit:
1018 4092 1107 4138 Ditem
1119 4089 1222 4147 Asiam,
1240 4090 1334 4150 Rupili
1345 4094 1370 4138 et
1379 4090 1455 4138 Persi

324 4183 411 4229 pupno
428 4173 497 4226 erat,
521 4175 617 4218 utnon
653 4170 791 4232 Garnpesiti
812 4170 903 4218 melius
919 4185 975 4218 oum
992 4170 1073 4218 Bitho
1090 4169 1226 4217 Bacchius.
1259 4168 1301 4216 Ex
1327 4167 1455 4230 postremis

325 4246 385 4295 setis
402 4246 549 4311 intelligitur
565 4262 639 4311 quum
655 4264 727 4312 peres
743 4255 825 4298 esseni
840 4248 957 4312 Rupilius
975 4255 999 4298 et
1016 4247 1124 4297 Persius.

376 4326 406 4375 P.
423 4326 463 4375 66.
499 4328 564 4375 Cum
586 4329 666 4378 Bitu
688 4330 823 4379 Boeotius.
858 4329 890 4378 In
911 4328 989 4379 MSS.
1016 4330 1109 4385 Bitho,
1138 4328 1213 4384 Bito,
1231 4328 1303 4374 Bito.
1328 4326 1456 4375 Bentleius

326 4420 359 4455 ex
377 4407 485 4456 Grutero
500 4413 525 4455 et
541 4407 633 4456 Marm.
650 4408 744 4458 Felsin.
760 4409 862 4458 nomine
883 4411 981 4457 Bittius
1005 4409 1122 4458 Crescens
1143 4415 1167 4455 et
1187 4407 1232 4454 Cu.
1255 4408 1392 4468 Pompeius
1409 4407 1456 4454 Bi-

328 4490 387 4536 tbus
404 4487 482 4537 affert.
515 4488 571 4551 Ego
596 4489 661 4551 apud
686 4489 789 4538 Livium
812 4490 943 4539 memorari
968 4489 1039 4537 video
1065 4487 1145 4536 filium
1167 4486 1233 4550 regis
1250 4485 1390 4545 Thracum,
1414 4487 1456 4549 qui

328 4567 499 4630 appellabatur
517 4569 587 4616 Bilis
603 4567 643 4617 vel
661 4570 764 4629 Bithys.
799 4569 865 4619 Cum
880 4568 968 4633 optimi
990 4569 1138 4632 gladiatores
1156 4573 1236 4616 essent
1259 4566 1381 4625 Threces,
1404 4565 1457 4616 fieri

328 4653 420 4709 potest,
437 4655 466 4695 ut
481 4647 601 4698 Horatius
623 4649 746 4712 scripserit
762 4665 819 4699 curn
836 4651 934 4712 Bitbpe
957 4650 1091 4699 Bacchius.

378 4727 408 4776 P.
427 4729 466 4776 65,
518 4731 612 4778 Fertur
630 4745 677 4791 pito
694 4745 756 4778 rnre
773 4732 873 4780 securis.
908 4730 939 4778 Ιιι
956 4729 1016 4778 locis
1033 4729 1166 4792 desperetis
1184 4743 1311 4792 nunquam
1329 4728 1389 4778 sutis
1402 4743 1456 4777 con-
