3750 5759
368 676 431 739 106
758 668 1110 736 SATIRARUM

410 857 544 922 Tardius
569 856 745 922 adveniens
769 857 924 922 vitiatum
949 856 1173 935 commodius,
1201 871 1299 939 quam

411 962 581 1045 integrum
606 960 688 1025 edax
711 960 864 1025 dominus
888 965 1103 1026 consumeret.
1147 959 1217 1023 Hos
1241 957 1371 1022 utinam
1394 958 1482 1024 inter

412 1067 536 1131 Heroas
561 1069 677 1131 nalum
701 1064 799 1130 tellus
823 1087 876 1130 me
899 1064 1177 1151 prima-tulisset!

412 1170 480 1234 Das
504 1168 631 1255 aliquid
654 1168 778 1251 famae,
805 1191 887 1254 quae
911 1169 1055 1235 carmine
1077 1166 1202 1253 gratior
1224 1188 1335 1231 aurem

412 1273 559 1359 Occupat
580 1273 783 1337 humanam?
806 1272 947 1357 grandes
970 1272 1100 1337 rhombi
1123 1270 1319 1357 patinaeque

409 1377 544 1443 Grande
567 1376 678 1442 ferunt
700 1398 767 1441 una
790 1399 865 1441 oum
889 1377 1010 1441 damno
1033 1375 1181 1440 dedecus.
1232 1374 1326 1438 Adde

412 1482 537 1545 Iratum
562 1485 737 1566 patruum,
762 1479 908 1562 vicinos,
934 1486 967 1545 te
991 1479 1053 1545 tihi
1076 1479 1226 1564 iniquum

410 1584 456 1648 Et
479 1583 600 1648 frustra
623 1582 739 1647 mortis
764 1582 937 1667 cupidum,
963 1604 1065 1667 quum
1090 1581 1192 1646 deerit
1216 1579 1326 1665 egenti

410 1688 477 1769 As,
502 1686 610 1772 laquei
632 1686 783 1771 pretium.
836 1686 975 1768 „Iure,“
999 1685 1123 1770 inquit,
1149 1682 1325 1767 „Transius
1348 1681 1428 1747 istis

411 1792 564 1876 iurgatur
587 1789 710 1855 verbis:
735 1811 795 1875 ego
818 1789 994 1874 vectigalia
1019 1811 1141 1874 magna

413 1892 619 1977 Divitiasque
638 1892 741 1957 habeo
762 1892 867 1957 tribus
890 1892 1018 1977 amplas
1043 1891 1210 1976 regibus.“
1257 1888 1346 1973 Ergo

412 1996 505 2076 Quod
529 2001 675 2080 superat,
700 2017 765 2060 non
790 2000 841 2061 est
864 1996 982 2061 melius
1007 2017 1070 2082 quo
1094 1994 1258 2059 insumere
1281 1992 1411 2077 possis?

411 2100 477 2166 Cur
500 2106 574 2185 eget
597 2100 753 2185 indignus
777 2101 952 2187 quisquam
977 2108 1010 2166 te
1034 2100 1156 2167 divite?
1179 2120 1278 2185 quare

410 2205 544 2290 Templa
567 2210 667 2270 ruunt
690 2204 826 2290 antiqua
848 2205 968 2270 deum?
992 2228 1063 2289 our,
1088 2204 1250 2289 improbe,
1275 2224 1368 2269 carae

411 2309 486 2372 Non
510 2308 635 2393 aliquid
659 2310 783 2394 patriae
807 2316 900 2375 tanto
925 2310 1070 2376 emetiris
1094 2310 1230 2374 acervo?

413 2411 482 2477 Uni
505 2411 662 2476 nimirum
686 2413 747 2477 tibi
770 2419 855 2478 reete
880 2435 1007 2499 semper
1031 2418 1127 2478 erunt
1150 2432 1219 2493 res,

366 2541 460 2589 etodc're
475 2546 500 2587 et
514 2555 622 2588 servare.
640 2538 713 2589 Ouid.
723 2539 825 2588 Metam.
835 2540 914 2590 VIII.
956 2541 992 2590 tio
1009 2555 1086 2605 eaque
1103 2539 1192 2588 melior
1208 2536 1288 2586 estin
1306 2535 1381 2586 Satir.
1399 2534 1507 2584 1.1.83.

367 2620 423 2668 649,
445 2618 487 2666 ubi
507 2619 597 2668 Baucis
618 2627 642 2668 et
659 2619 791 2668 Philemon
807 2620 914 2683 hospites
957 2622 1016 2668 Non
1033 2635 1098 2668 acor
1114 2621 1212 2668 ealcum
1230 2623 1254 2666 te
1270 2618 1338 2675 vult,
1354 2631 1404 2664 non
1414 2616 1508 2679 filias,

367 2698 502 2761 excipiunt,
519 2698 617 2747 sordida
633 2705 704 2761 terga
715 2700 764 2747 suis
776 2699 846 2761 tigno
856 2714 915 2763 pen·
956 2714 1039 2748 omnes
1060 2701 1145 2749 Vicini
1161 2700 1280 2754 oderunt,
1298 2696 1365 2752 noli,
1373 2696 1450 2757 paeri
1466 2702 1507 2743 at·

368 2779 451 2827 dentis
466 2778 566 2835 levant,
584 2779 735 2839 Servatoque
748 2780 917 2826 diareseccnt
956 2795 1004 2841 quc
1019 2780 1125 2842 puellae.
1158 2778 1275 2826 Fortasse
1295 2774 1415 2823 Horatius
1432 2772 1508 2836 scrip·

368 2859 398 2905 dc
415 2863 511 2919 terqore
527 2862 627 2919 purtem
653 2857 790 2918 Eaipacm.
819 2856 916 2919 Hospes
957 2857 1000 2905 sit:
1023 2859 1129 2906 Iratum
1147 2863 1273 2919 patricum
1299 2862 1374 2918 atque
1400 2854 1507 2917 affines,

368 2938 434 2985 vitat
455 2951 555 2985 caruem
576 2936 716 2993 rancidam,
738 2934 801 2982 nihil
818 2942 916 2998 gustat,
958 2942 982 2985 tc
999 2939 1046 2985 lidi
1063 2939 1185 3000 iniquum.

369 3014 447 3077 fugit,
464 3014 578 3063 abstinet.
598 3014 670 3065 Ovid.
680 3014 752 3063 Rem.
761 3014 850 3064 Amor.
860 3016 916 3063 499.
995 3017 1047 3065 Uni
1063 3018 1184 3064 nicarum
1193 3018 1240 3064 tibi
1251 3020 1318 3063 recte
1324 3027 1420 3074 seraper
1430 3018 1509 3061 erum

370 3096 424 3143 Nec
440 3096 523 3142 minus
539 3108 629 3144 erucas
646 3099 735 3156 aptum
754 3095 835 3143 citare
850 3097 917 3143 solc-
958 3110 1005 3143 res.
1034 3094 1162 3144 Bentleius
1180 3108 1212 3143 ex
1226 3094 1367 3143 coniectura
1382 3091 1416 3140 N.
1428 3091 1508 3140 Hein-

368 3188 413 3221 σεε.
447 3173 520 3222 Vitat
545 3174 701 3223 commodius.
732 3170 774 3221 Illi
798 3172 918 3234 putabant
957 3174 987 3222 sii
1002 3173 1080 3236 legit:
1100 3180 1160 3223 eant
1177 3188 1226 3222 rea
1259 3173 1313 3222 Noc
1334 3169 1443 3220 dubitari
1464 3185 1508 3232 po

369 3266 422 3301 esse
444 3252 609 3312 commodius,
633 3251 735 3309 melius,
751 3250 852 3313 utilius,
873 3253 917 3301 ho·
957 3261 1017 3314 test,
1035 3254 1137 3317 quinat
1158 3268 1198 3302 rec
1222 3259 1288 3301 recte
1312 3257 1374 3300 eant
1394 3256 1419 3299 et
1440 3256 1509 3300 recte

368 3332 457 3395 spitem
491 3332 582 3393 vitare,
615 3346 690 3394 quam
719 3332 784 3394 ipsos
818 3333 916 3393 edaces,
957 3340 1040 3392 eruat,
1057 3333 1367 3396 et‚omissoqu0queres,
1384 3332 1509 3379 titirecte

369 3413 440 3461 avide
468 3425 625 3462 consumere:
656 3410 805 3460 constructio
832 3413 917 3462 similis
957 3414 1019 3472 erit,
1036 3413 1130 3461 Latina
1150 3414 1207 3462 sint.
1240 3412 1289 3462 Hic
1314 3411 1427 3460 futurum
1444 3410 1508 3458 mihi

369 3493 505 3543 Ouidianae
527 3493 628 3542 Heroid.
650 3491 729 3555 Epist.
751 3491 773 3540 1.
798 3491 837 3541 67.
862 3494 918 3541 Uti-
958 3493 1056 3541 videtur
1072 3493 1246 3541 necessarium.
1279 3492 1315 3539 Et
1338 3490 1373 3539 sic
1389 3490 1507 3549 Persius,

367 3575 419 3622 lica
435 3578 534 3622 starent
554 3575 631 3621 etiam
648 3585 715 3619 ncnc
731 3574 828 3620 nwenia
839 3574 918 3622 Phoe·
957 3577 1091 3634 perpetuus
1108 3570 1149 3619 ille
1159 3570 1259 3620 Horatii
1270 3570 1386 3628 imitator,
1396 3569 1507 3618 adonius

369 3655 408 3702 bi:
433 3653 525 3704 Utilius
543 3651 605 3701 mihi
627 3656 734 3709 starent,
755 3650 839 3700 utilius
856 3653 918 3700 mihi
958 3652 1130 3701 auctoritatem
1147 3651 1279 3702 Bentleius
1295 3664 1369 3714 saepe
1379 3658 1507 3713 provocat,

368 3741 444 3791 esset,
469 3734 490 3781 si
506 3739 608 3781 starent.
637 3730 752 3794 Denique
770 3731 797 3779 in
816 3732 918 3795 vulgata
959 3731 1048 3795 legisse
1065 3732 1173 3790 videtur,
1191 3730 1266 3781 Satir.
1283 3730 1304 3779 I.
1324 3731 1378 3780 110.
1397 3732 1452 3779 Per
1468 3746 1509 3779 me

368 3812 471 3861 lectione
483 3812 616 3860 rancidam
628 3815 652 3857 et
665 3812 785 3860 ciliciam
796 3826 846 3860 nou
856 3812 918 3863 bene
958 3814 1070 3875 equidem
1096 3814 1149 3861 sint
1176 3812 1260 3861 omnic
1284 3816 1407 3874 protenus
1431 3810 1509 3868 alta,

368 3890 531 3948 conveniunt,
554 3888 613 3952 quia
635 3888 698 3937 idem
720 3890 860 3954 significare
877 3892 917 3942 de·

368 3971 439 4030 bent,
456 3984 502 4019 nec
518 3968 667 4031 significant.

401 4048 488 4099 Oratio
498 4046 575 4099 Ofelli
586 4055 623 4097 est
635 4048 741 4107 ironica,
758 4064 791 4098 ex
802 4050 915 4100 absurdo.

368 4128 459 4178 Melius
476 4129 543 4177 enim
558 4134 612 4177 erat
622 4142 711 4190 aprum
723 4144 738 4177 a
748 4130 848 4179 domino
860 4146 916 4179 con·

368 4209 432 4257 sumi
442 4209 581 4272 integrum,
598 4222 673 4271 quam
685 4207 716 4256 ab
727 4209 823 4272 hospite
833 4212 916 4275 sperni

368 4287 503 4337 rancidum.
528 4287 651 4337 Dominus
669 4296 755 4337 contra
768 4289 899 4341 iudicabat.

367 4371 376 4389 ‘
402 4367 506 4416 Iratam
530 4374 669 4430 patruum,
693 4370 797 4428 vicinos,
824 4376 848 4420 tc
870 4374 917 4421 tihi

367 4445 489 4507 iniquum.
523 4447 555 4495 In
572 4449 686 4497 dedecore
698 4448 748 4495 iam
760 4457 797 4497 est
808 4456 916 4499 contem-

367 4531 407 4573 tus
431 4526 576 4576 cicinormrr.
611 4526 664 4577 Cur
688 4527 737 4585 illi,
754 4536 783 4577 ut
799 4536 915 4592 patruus,

368 4604 546 4665 irascerentur,
568 4608 589 4656 si
611 4607 693 4656 helluo
711 4610 817 4671 mandes
833 4611 915 4660 rhom-

368 4683 411 4732 bos
429 4696 522 4734 amaret
539 4694 563 4734 et
580 4701 632 4735 rem
646 4686 774 4749 perderet?
800 4688 862 4738 Alia
878 4704 915 4737 ra-

961 3894 1008 3939 Nr'l
1023 3907 1120 3941 cruror:
1145 3906 1216 3953 eupe,
1239 3904 1333 3947 cnrnes,
1350 3903 1432 3938 omncs
1449 3891 1510 3938 bene

959 3972 1038 4021 mirae
1058 3973 1131 4021 eritis
1151 3986 1198 4019 rea
1230 3969 1320 4019 Livius
1343 3968 1448 4018 XXIII.
1469 3969 1507 4018 ll.

959 4064 991 4099 ex
1008 4050 1108 4100 oraculo
1125 4050 1234 4107 Graeco,
1251 4049 1385 4112 interprete
1410 4048 1441 4109 Q.
1458 4050 1508 4098 Fa·

958 4130 999 4179 bio
1028 4131 1141 4180 Pictore:
1176 4132 1207 4179 Si
1222 4132 1260 4179 ita
1279 4130 1386 4192 facilia,
1413 4129 1508 4178 Ronm-

959 4210 999 4266 m‘,
1023 4215 1120 4259 vestroe
1143 4224 1184 4258 res
1202 4211 1314 4258 meliores
1326 4208 1508 4272 facilioresque

957 4294 1042 4339 munt.
1076 4288 1147 4337 Idem
1168 4287 1257 4337 XXV.
1282 4287 1320 4335 12.
1344 4301 1377 4334 ex
1397 4287 1508 4337 carmine

958 4369 1050 4417 Marcii
1071 4369 1148 4417 vatis:
1177 4370 1251 4416 Haec
1272 4369 1383 4416 sirecte
1398 4366 1508 4429 facitis,

956 4451 1097 4512 pendebitis
1122 4464 1231 4511 semper,
1246 4448 1344 4510 fietque
1366 4462 1406 4495 res
1422 4456 1508 4497 vestm

958 4531 1051 4579 melior.
1086 4530 1129 4578 Ad
1151 4529 1224 4577 istam
1246 4526 1378 4577 formulam
1395 4527 1444 4576 dici
1461 4543 1505 4591 po·

957 4614 1033 4656 terat:
1063 4602 1118 4656 ttm'
1137 4614 1203 4657 recte
1232 4622 1329 4670 semper
1357 4613 1433 4656 erum
1460 4624 1507 4659 ree.

958 4688 1043 4751 Atque
1060 4688 1096 4736 ita
1112 4688 1137 4737 in
1156 4688 1233 4738 MSS.
1249 4687 1349 4751 legitur.
1376 4689 1429 4736 Res
1441 4694 1508 4738 recte
