3750 5759
825 698 1010 764 LIBER
1056 701 1080 764 l.

425 882 562 949 Perdere
587 884 660 970 quis
684 885 799 951 velit.“
846 888 878 950 A
902 887 991 972 turpi
1014 886 1194 953 meretricis
1218 909 1327 952 amore

424 985 534 1065 Quum
557 987 749 1055 deterreret:
798 990 955 1073 „Seetani
978 990 1150 1056 dissimilis
1175 991 1255 1057 sis.“

423 1088 474 1154 Ne
497 1112 646 1178 sequerer
668 1095 841 1178 moechas,
866 1116 1020 1160 concessa
1044 1116 1145 1180 quum
1168 1095 1294 1161 Venere
1317 1097 1367 1161 uti

422 1192 576 1261 Possem:
601 1197 787 1283 „Deprensi
809 1219 876 1263 non
900 1197 988 1262 bella
1011 1203 1062 1263 est
1084 1198 1174 1264 farne
1196 1199 1332 1264 Treboni
1344 1204 1377 1282 ‚“

421 1297 551 1365 Aiebat.
601 1302 774 1388 „sapiens,
798 1303 906 1368 vitatu
930 1302 1072 1387 quidque
1095 1303 1203 1389 petitu

422 1399 473 1466 Sit
495 1403 633 1496 melius,
658 1427 772 1472 causas
796 1407 911 1472 reddet
933 1407 1015 1472 tibi:
1039 1410 1087 1472 mi
1112 1409 1192 1474 satis
1217 1414 1285 1493 est,
1309 1411 1338 1475 si

421 1504 591 1572 Traditum
614 1509 656 1574 ab
679 1510 825 1596 antiquis
848 1532 974 1576 morem
998 1533 1144 1596 servare,
1170 1518 1340 1600 tuamque,

420 1608 511 1675 Dum
534 1614 679 1680 custodis
703 1637 800 1701 eges,
824 1615 929 1681 vitam
953 1619 1138 1703 famamque
1161 1617 1246 1682 tueri

419 1711 622 1781 Incolumem
645 1740 790 1803 possum.
840 1719 947 1786 Simul
970 1743 1007 1786 ac
1031 1721 1196 1786 duraverit
1218 1726 1307 1787 aetas

418 1816 568 1884 Membra
585 1821 798 1910 animumque
814 1829 921 1908 tuum,
945 1825 1040 1891 nabis
1065 1825 1136 1891 sine
1158 1826 1311 1892 cortice.“
1360 1826 1413 1893 Sic
1436 1849 1489 1893 me

419 1919 598 1990 Formabat
618 1948 757 2011 puerum
780 1928 895 1994 dietis:
920 1934 954 1994 et
977 1928 1045 1995 sive
1069 1928 1217 2012 iubebat,

420 2023 469 2091 Ut
492 2024 632 2093 facerem
656 2031 750 2116 qnid:
776 2032 912 2115 „Habes
936 2037 1118 2116 auctorem,
1144 2055 1207 2119 quo
1230 2030 1332 2099 facias
1354 2034 1439 2100 hoe“

418 2129 534 2197 Unum
556 2155 597 2198 ex
619 2134 783 2204 iudicibus
807 2137 937 2204 selectis
962 2137 1154 2217 obiiciebat3

417 2233 494 2300 Sive
516 2239 668 2306 vetabat:
693 2265 759 2325 „au
782 2243 844 2309 hoc
867 2242 1081 2308 inhonestum
1105 2248 1138 2308 et
1161 2243 1280 2309 inutile
1303 2242 1393 2310 factu

372 2404 433 2454 leius
450 2407 643 2472 disputationem
659 2410 695 2457 sie
712 2409 779 2466 finit,
795 2418 824 2458 ut
840 2417 919 2458 osten·
960 2415 1081 2465 censetur,
1098 2424 1113 2456 a
1130 2409 1218 2472 quibus
1236 2416 1305 2472 pater
1328 2409 1408 2458 filium
1425 2411 1510 2474 positis

372 2485 413 2534 dat
428 2486 520 2536 miram
536 2488 614 2538 MSS.
632 2490 792 2548 discordiam,
805 2492 918 2549 Barrus,
960 2498 1017 2536 unte
1034 2487 1117 2536 oculos
1135 2488 1256 2551 exemplis
1273 2489 1387 2539 deterret.
1412 2490 1509 2553 Legen-

372 2565 473 2624 Barus‚
484 2568 584 2626 Rarus,
595 2570 708 2626 Rarius,
723 2571 815 2626 Verus,
825 2571 918 2630 Baius,
959 2568 1019 2616 dum
1035 2574 1108 2631 puto:
1130 2569 1232 2631 sapiens
1247 2571 1382 2620 vitandum
1403 2572 1512 2634 quidque

371 2644 472 2708 quibus,
488 2654 544 2710 post
559 2648 717 2709 Beudeium‚
734 2649 799 2697 aliae
813 2649 917 2697 varieta-
957 2650 1093 2711 petendum
1118 2649 1174 2708 Sit,
1195 2651 1284 2697 melius
1301 2664 1405 2700 caussas
1423 2653 1511 2701 reddet

370 2731 405 2774 tes
427 2735 590 2777 accesserunt,
623 2731 664 2778 Ea
690 2745 729 2778 res
752 2731 814 2779 mihi
837 2729 917 2779 facere
959 2728 1012 2775 tibi.
1038 2726 1096 2788 Ego
1112 2727 1171 2775 satis
1189 2727 1267 2776 habeo
1284 2734 1370 2777 notare
1386 2728 1509 2792 exempla,

370 2805 468 2855 videtur
484 2822 530 2871 pro
545 2811 644 2858 nomine
664 2811 777 2873 proprio,
798 2811 825 2859 in
846 2811 916 2859 cuius
958 2805 1024 2854 unde
1041 2805 1148 2864 videbis,
1166 2806 1226 2869 quid
1237 2806 1333 2864 vitare,
1351 2807 1411 2869 quid
1427 2815 1510 2870 petere

369 2886 733 2951 scriptura,fietipraesertim,
746 2888 849 2939 codices
860 2905 917 2939 ram
958 2885 1054 2935 debeas.
1087 2886 1128 2934 Ita
1152 2886 1227 2935 Satis.
1253 2887 1274 2935 Ι.
1301 2901 1329 2935 11.
1354 2889 1395 2938 74.
1431 2890 1508 2938 Situ

369 2967 532 3016 consentiunt.
566 2968 602 3016 Et
617 2969 723 3017 mirarer
741 2970 763 3018 si
779 2984 824 3033 pro
841 2971 916 3019 notis-
958 2966 1028 3013 mode
1052 2972 1120 3013 reete
1137 2967 1295 3027 Disqreusore
1311 2967 1387 3023 retis,
1411 2982 1442 3015 ae
1458 2984 1507 3018 uest

369 3044 437 3094 simis
455 3047 537 3096 verbis
551 3063 619 3110 pune
634 3048 676 3096 vel
692 3049 771 3111 farre
786 3051 915 3113 proprium
950 3043 1077 3106 fuqieucta
1092 3047 1207 3108 petendis
1228 3047 1379 3096 Immiseere.
1405 3046 1508 3097 Persius

369 3138 459 3174 nomen
475 3126 503 3174 in
518 3135 555 3176 tot
566 3127 643 3178 MSS.
661 3128 793 3191 legeretur,
802 3130 852 3178 nisi
862 3131 915 3179 Ηο-
958 3121 1033 3174 satir.
1051 3122 1085 3172 V.
1105 3124 1159 3173 108.
1191 3125 1311 3187 Quaeque
1327 3128 1452 3187 sequenda
1463 3127 1507 3191 so·

368 3206 446 3255 ratius
464 3206 564 3271 aliquod
579 3210 710 3271 posuisset.
743 3209 820 3258 Pater
837 3211 860 3258 ei
876 3225 913 3259 os.
957 3209 1023 3262 tent,
1042 3219 1153 3266 quaeque
1169 3206 1289 3253 evitanda
1309 3205 1426 3262 sicusim,
1452 3207 1507 3254 Illa

369 3287 447 3335 tendit
467 3287 549 3336 filium
571 3289 657 3345 Albii,
681 3290 748 3337 male
772 3291 914 3347 viventem,
955 3282 1030 3341 prim
1045 3287 1128 3341 mla,
1150 3297 1207 3331 '⁷²02
1224 3284 1285 3329 '2030
1300 3283 1405 3332 mrim
1421 3289 1505 3333 misst-

368 3366 475 3414 ostendit
496 3365 599 3414 fortasse
620 3375 645 3415 et
666 3367 745 3416 alium
762 3368 843 3416 filium
862 3367 914 3415 ino·
957 3359 999 3407 ii?
1024 3359 1132 3410 caussas
1158 3368 1182 3409 et
1204 3368 1365 3422 argumenta,
1391 3376 1435 3410 ⁰111
1460 3363 1506 3411 h00

368 3455 432 3504 pem,
448 3443 530 3506 qualis
547 3451 600 3494 erat
611 3460 664 3494 v.c.
682 3448 762 3495 Baris*
772 3448 851 3508 inops.
868 3447 915 3495 Est
955 3446 1050 3500 petere,
1067 3439 1132 3488 illud
1149 3441 1228 3503 vitare
1244 3441 1340 3498 debeas,
1357 3442 1447 3491 melius
1461 3442 1506 3490 tibi

368 3524 484 3586 oppidum
501 3526 592 3574 Berua
614 3526 688 3576 Satis.
705 3527 727 3575 I.
744 3540 771 3574 v.
788 3525 828 3577 97.
846 3526 913 3574 Hine
955 3521 1066 3569 ostendet
1084 3521 1181 3583 sapiens
1192 3520 1296 3583 aliquis,
1308 3520 1378 3568 cuius
1390 3520 1437 3568 hoc
1448 3536 1504 3584 pro-

367 3617 469 3665 nomen,
494 3607 517 3654 si
532 3620 583 3656 non
603 3614 712 3665 extaret,
739 3607 846 3655 formare
871 3621 903 3669 po
954 3601 1037 3664 prium
1061 3616 1152 3650 munus
1177 3609 1223 3650 est.
1256 3602 1344 3650 Horat.
1369 3600 1444 3651 Satis.
1466 3602 1503 3651 Π.

367 3682 421 3731 tuit,
954 3695 1013 3731 v111.
1031 3683 1071 3731 32.
1096 3685 1159 3746 quid
1183 3685 1227 3731 hee
1251 3684 1367 3738 intersit,
1393 3684 1425 3729 ab
1450 3683 1505 3744 ipso

398 3763 551 3814 Doderlinus
567 3765 643 3828 legit:
664 3769 752 3816 Nouus
767 3767 836 3814 vides
853 3766 915 3814 Albi
955 3763 1076 3811 Audieris
1090 3765 1185 3811 meiius.
1202 3761 1286 3811 Pisut.
1304 3761 1378 3810 Miles
1388 3761 1457 3811 Glor.
1467 3761 1504 3811 11.

367 3849 397 3891 ut
421 3847 487 3893 male
503 3847 573 3894 vivat
586 3847 664 3909 filius
689 3853 767 3909 utque
787 3843 911 3894 Burrus?
952 3843 976 3890 3.
993 3842 1033 3891 20.
1060 3845 1131 3892 Num
1148 3845 1195 3892 titt
1212 3845 1312 3905 Lippus
1323 3843 1429 3892 utcu?
1447 3841 1501 3892 Me-

367 3923 438 3984 heops
461 3941 581 3988 meqrsm
605 3928 787 3975 documentum.
831 3925 911 3973 Inter·
952 3923 1037 3972 dicum
1054 3924 1121 3972 istus
1144 3925 1190 3971 tibi
1214 3924 1303 3972 melius
1321 3925 1503 3985 peccaturus.

367 4009 478 4062 pretatur
508 4006 573 4052 mule
601 4007 673 4053 eie-ut
697 4010 824 4068 tamquam
846 4018 911 4052 eom·
954 4002 1048 4053 Seneca
1072 4004 1154 4067 Epist.
1184 4003 1225 4051 94.
1269 4005 1414 4066 Praecepta
1441 4006 1505 4053 dere

367 4095 441 4131 mune
456 4084 624 4146 praedicatum
635 4084 683 4133 filii
696 4084 767 4134 Albii
784 4092 809 4133 et
824 4083 911 4142 narra
952 4086 1041 4134 eunte
1056 4100 1241 4148 uepuveeuum
1257 4088 1309 4140 est,
1325 4085 1447 4133 nescienti
1456 4100 1503 4146 pa·

367 4168 391 4210 et
410 4164 483 4226 inops
506 4169 633 4227 tamquam
658 4163 810 4222 subiectum,
840 4163 911 4210 cuins
953 4179 1018 4211 runa
1045 4165 1144 4212 Audire
1159 4165 1226 4210 euim
1248 4164 1318 4210 debet
1334 4176 1384 4209 uon
1402 4167 1502 4210 tautum

366 4243 534 4302 praedicatum
551 4244 582 4291 sit
599 4258 716 4305 muqnum
727 4246 911 4293 decurrentem.
952 4245 1014 4306 quid
1023 4244 1073 4291 sibi
1079 4243 1265 4304 praecipietur,
1279 4241 1407 4289 sedetiam
1416 4255 1502 4301 quare.

366 4319 446 4370 Filius
464 4321 536 4371 Albii
552 4337 605 4371 esse
626 4322 666 4370 illi
687 4322 785 4370 videtur
806 4336 911 4378 avarus,
955 4323 1008 4381 Qui
1033 4324 1107 4371 habet
1131 4326 1249 4369 exustum
1270 4319 1392 4367 iudicium
1413 4321 1443 4366 de
1452 4319 1501 4381 su·

366 4399 460 4451 Burrus
475 4405 603 4465 prodique.
952 4403 1047 4464 qiendis
1062 4401 1237 4463 petendisque,
1253 4399 1311 4455 scit,
1324 4398 1386 4459 quid
1402 4397 1502 4459 sibiju-

398 4483 508 4544 Supieus
523 4485 608 4530 vitatu
628 4482 735 4544 quidque
749 4482 834 4542 petitu
869 4482 911 4530 Sit
955 4482 1070 4529 ciertdum
1086 4482 1129 4537 sit,
1146 4481 1223 4528 etiem
1241 4483 1265 4526 te
1282 4482 1387 4525 tacente.

366 4561 463 4620 melius,
479 4576 584 4611 caussas
600 4562 687 4609 reddet
704 4562 757 4609 tibi.
775 4559 859 4620 Quum
870 4573 909 4608 res
991 4560 1142 4610 Doderlinus
1170 4557 1290 4622 explieat:
1318 4557 1415 4620 sapiens
1443 4558 1502 4621 quid

366 4638 450 4703 aliqua
465 4643 554 4690 melius
571 4641 664 4688 vitatur
680 4653 755 4702 quam
771 4640 871 4702 petitur,
881 4655 910 4689 ea
952 4639 1031 4688 vitatu
1048 4640 1156 4702 quidque
1166 4638 1247 4701 petitu
1258 4637 1291 4686 sit
1306 4636 1409 4695 melius,
1426 4639 1500 4693 dicet,

367 4718 443 4782 vulgo
468 4719 536 4768 haud
557 4720 592 4768 ita
616 4720 643 4767 in
664 4719 819 4780 gravioribus
842 4721 910 4768 vitiis
952 4725 976 4769 et
993 4735 1038 4768 eur
1055 4719 1163 4782 quidque
1179 4720 1214 4767 stt
1231 4731 1331 4766 caussas
1348 4719 1434 4767 reddet
1448 4717 1500 4766 tibi.
