3750 5759
798 685 978 753 LIBER
1025 688 1068 753 ΙΙ.

417 874 583 961 Fungitur
607 876 722 941 officiis
745 876 974 962 praelambens
993 898 1107 960 omne,
1133 879 1219 962 quod
1243 878 1346 945 affert.

418 977 479 1043 Ille
503 981 626 1045 cubans
649 980 772 1066 gaudet
795 985 925 1045 mutata
949 985 1052 1063 sorte,
1077 981 1237 1067 bonisque

416 1081 526 1146 Rebus
551 1082 622 1167 agit
644 1083 769 1148 laetum
792 1081 983 1166 convivam,
1008 1105 1110 1167 quum
1134 1085 1243 1150 subito
1267 1085 1384 1171 ingens

414 1182 595 1249 Valvamm
619 1185 777 1270 strepitus
801 1185 895 1251 lectis
919 1186 1065 1252 excussit
1087 1192 1271 1274 utrumque.

416 1285 552 1353 Currere
574 1310 632 1374 per
655 1294 765 1354 totum
787 1289 900 1375 pavidi
924 1289 1095 1373 conclave,
1120 1290 1292 1378 magisque

416 1388 594 1457 Exanimes
618 1392 796 1478 trepidare,
822 1393 922 1458 simul
947 1393 1062 1458 domus
1085 1395 1154 1459 alta
1178 1394 1331 1462 Molossis

417 1493 595 1562 Personuit
618 1498 765 1563 canibus.
813 1498 894 1562 Tum
918 1497 1081 1563 rusticus:
1108 1499 1232 1582 „Haud
1256 1500 1339 1564 mihi
1363 1500 1432 1566 vita

368 1646 444 1708 dapes
477 1648 611 1707 consumit,
641 1652 758 1698 eontirrac
789 1649 917 1712 epulatur.
965 1666 1062 1699 summa
1087 1659 1173 1714 parte,
1195 1652 1221 1700 in
1238 1652 1366 1715 superficie
1393 1654 1512 1711 laurone,

369 1723 501 1775 claudian.
526 1728 636 1776 Praefat.
661 1729 747 1791 Epith.
770 1729 865 1778 Honor.
892 1738 916 1778 et
964 1729 1036 1777 sicuti
1053 1731 1143 1779 fluvius
1158 1733 1312 1794 praelambit
1328 1747 1433 1791 arenas,
1450 1732 1511 1780 levi·

369 1805 466 1853 Mariae
483 1807 507 1855 4.
523 1807 750 1869 Catarentepatir
767 1810 917 1858 continuare
965 1816 1003 1857 ter
1028 1809 1128 1860 lambit:
1156 1812 1304 1874 praepositio
1332 1811 1434 1860 candem
1460 1812 1531 1862 vim.

368 1888 428 1934 dier.
462 1887 513 1937 Ubi
537 1888 563 1935 in
586 1887 638 1936 ali1s
660 1887 738 1937 Mss.
760 1894 814 1936 erat
831 1890 915 1950 dapes.
965 1889 1051 1950 habet,
1068 1905 1143 1955 quam
1171 1893 1198 1940 in
1212 1894 1362 1956 praerodere
1382 1890 1456 1941 sair.
1473 1891 1509 1940 II.

369 1963 442 2025 Quod
459 1965 561 2020 Heinsio
578 1974 711 2014 venustum
723 1966 862 2026 videbatur,
871 1967 916 2014 mi·
966 1984 990 2018 v.
1007 1971 1047 2018 25.
1065 1973 1247 2021 insidiatorem
1268 1987 1387 2035 praeroso
1406 1970 1511 2034 feeerit

368 2044 395 2092 hi
420 2059 471 2092 non
496 2045 602 2094 videtur.
628 2046 709 2103 Tum,
734 2046 818 2104 credo,
843 2047 917 2109 poita
965 2049 1050 2098 harro:
1084 2051 1158 2114 piscis
1186 2066 1237 2100 non
1260 2052 1325 2100 rodit
1347 2065 1430 2100 escam
1458 2065 1530 2099 om·.

368 2125 518 2187 scripsisset:
541 2128 649 2187 dapibrrs
667 2128 816 2175 continuare
831 2129 916 2189 dapes.
963 2141 1032 2188 nem,
1058 2131 1102 2178 sed
1126 2131 1272 2192 particulam
1298 2137 1438 2180 exstantem
1466 2130 1509 2178 ha·

368 2204 429 2253 Dies
454 2208 603 2255 emanarent
627 2208 721 2269 epatis,
743 2207 809 2254 idem
834 2213 871 2255 est
888 2221 917 2255 ac
964 2220 1018 2265 mo,
1034 2208 1070 2255 ita
1087 2216 1116 2256 ut
1133 2210 1235 2257 hamum
1252 2211 1320 2259 vitet.
1356 2211 1412 2259 Iam
1429 2213 1510 2258 cerai-

368 2287 520 2333 continuant
548 2288 637 2347 epulas
666 2300 710 2348 per
734 2285 825 2334 multos
855 2287 915 2335 dies.
964 2287 1023 2334 liter
1039 2286 1125 2336 officiis
1142 2289 1266 2352 fungitur,
1288 2303 1356 2338 more
1375 2304 1510 2338 vernarmn

368 2361 426 2410 Dici
443 2369 555 2424 poterat:
581 2379 636 2412 mus
653 2366 777 2424 urbanus,
805 2365 848 2428 qui
866 2366 915 2413 iam
963 2372 987 2413 et
1003 2380 1130 2414 servorum
1148 2368 1271 2431 frangitur,
1289 2375 1313 2416 et
1329 2368 1423 2416 interea
1444 2367 1512 2426 facit,

368 2452 426 2487 rure
442 2450 602 2502 coenaverat,
617 2458 685 2492 nunc
701 2444 792 2492 iterum
809 2445 835 2492 in
852 2446 914 2493 urbe
962 2446 1028 2507 quod
1053 2460 1145 2494 vernae
1170 2454 1194 2495 et
1217 2446 1282 2495 servi
1298 2461 1413 2510 procaces
1430 2447 1511 2495 facere

367 2528 467 2582 coenat,
488 2537 589 2571 coenam
611 2523 673 2571 adeo
694 2530 719 2572 et
740 2525 815 2586 dapes
838 2526 914 2573 conti·

366 2607 435 2647 nuat.
470 2600 519 2650 Sed
536 2617 603 2649 nunc
619 2616 695 2665 opera
716 2602 784 2650 illius
800 2604 914 2651 describi·

367 2685 409 2725 tur
425 2680 451 2727 in
468 2695 544 2729 coena
560 2682 686 2743 paranda,
703 2689 727 2730 et
750 2683 863 2746 fungitur
879 2683 913 2731 of·

367 2758 429 2806 ficiis
440 2775 537 2809 vernae.
554 2762 700 2824 Legendum
716 2769 788 2824 puto:
810 2764 913 2813 Concin-

366 2846 461 2902 aatqae
485 2843 570 2902 dapes.
604 2841 687 2889 Plaut.
713 2841 867 2889 Menaechm.
891 2843 912 2890 Ι.

366 2933 384 2967 1.
401 2921 442 2969 25.
478 2921 593 2970 Cereales
609 2937 697 2971 coenas
713 2925 771 2980 dat,
792 2926 831 2970 ita
847 2940 913 2972 men-

366 3013 409 3046 sas
425 3003 552 3048 exstruit:
575 3002 675 3048 Tantas
691 3003 800 3050 struices
816 3004 912 3051 coacia-

366 3083 414 3126 rmt
434 3081 587 3140 patinarias.
621 3080 749 3128 Iuvenalis
770 3080 836 3129 idem
857 3081 913 3130 aliis

366 3157 449 3206 verbis
471 3158 588 3220 exprimit
610 3157 686 3207 Satir.
707 3159 771 3208 VII.
796 3160 851 3208 184.
874 3176 912 3209 ve-

366 3239 429 3295 niet,
451 3239 495 3301 qui
512 3240 618 3302 secata
645 3241 715 3288 docte
758 3239 911 3301 Corriperet,

366 3319 457 3379 cenat,
474 3320 519 3381 qui
533 3320 709 3380 pulmentaria
720 3320 812 3367 condit.

402 3395 560 3446 Concinaare
577 3405 602 3445 et
622 3397 816 3448 continuarem
834 3397 910 3447 MSS.

365 3482 551 3538 permutantur;
568 3477 713 3539 exemplum
730 3484 767 3526 est
778 3477 804 3525 in
817 3476 910 3539 Appul.

365 3555 469 3604 Metam.
485 3571 510 3618 p.
527 3558 583 3608 497.
601 3554 714 3605 Oudend.

403 3636 581 3683 Praelambeaa
613 3650 701 3693 omne,
729 3636 794 3696 qaod
824 3636 911 3698 affert.

365 3714 493 3763 Bentleius
510 3715 537 3761 in
553 3713 648 3761 duobus
665 3712 742 3763 MSS.
760 3713 823 3760 vidit
839 3730 912 3776 prae·

963 2523 1054 2582 solent,
1071 2524 1203 2588 qui,quod
1216 2527 1242 2573 in
1259 2540 1372 2574 mensam
1388 2525 1510 2585 afferunt,

961 2602 1113 2665 ligantium,
1129 2603 1257 2662 lambunt,
1273 2604 1448 2667 praelambunt
1464 2605 1510 2652 ali·

961 2682 1034 2744 quid,
1051 2696 1123 2745 saepe
1140 2697 1169 2730 co
1186 2683 1356 2742 officiosiores,
1374 2699 1423 2747 quo
1439 2698 1508 2747 prae·

961 2759 1085 2808 lambeudi
1115 2761 1261 2824 cupidiores.
1308 2762 1367 2810 Mus
1402 2763 1509 2812 rusticus

961 2846 1014 2888 erat
1046 2839 1179 2902 simplicior
1207 2846 1232 2888 et
1262 2840 1395 2889 honestior.
1439 2841 1510 2890 Nihil

960 2919 1152 2982 praelambebat.
1194 2920 1328 2980 Urbanus,
1357 2937 1509 2986 quamquam

961 2999 1047 3048 officiis
1074 2999 1200 3062 eleganter
1227 2999 1298 3062 fungi
1323 3001 1423 3058 studet,
1439 3001 1509 3064 inge-

961 3079 1030 3126 nium
1047 3086 1131 3127 tamen
1148 3078 1237 3128 servile
1253 3079 1332 3128 celare
1353 3094 1406 3129 non
1422 3088 1508 3144 potest.

961 3157 1034 3217 Quod
1056 3165 1222 3220 exspectasses
1244 3159 1324 3222 magis
1347 3159 1378 3207 ab
1400 3161 1507 3219 rustico,

960 3236 1018 3285 facit
1026 3237 1144 3287 urbanus.
1173 3237 1321 3288 scholiastes
1335 3241 1509 3300 praelambere

960 3330 1010 3363 non
1038 3316 1100 3365 bene
1130 3317 1305 3379 interpretatur
1328 3324 1508 3379 praeparare,

960 3397 1019 3459 quia
1035 3397 1087 3444 vim
1103 3399 1290 3460 praepositionis
1307 3413 1358 3446 non
1375 3397 1507 3447 intellexit.

959 3475 1088 3524 Bentleius
1105 3476 1151 3523 hac
1167 3478 1294 3525 occasione
1309 3491 1382 3535 usus,
1392 3478 1508 3526 emendat

960 3552 1035 3602 Statii
1052 3552 1111 3603 Silv.
1129 3554 1165 3602 Il.
1183 3569 1199 3602 n
1219 3556 1274 3606 171.
1295 3556 1335 3602 Ta
1346 3557 1416 3603 modo
1426 3557 1507 3618 funes

960 3634 1030 3680 barri
1047 3633 1125 3680 lacem
1141 3634 1268 3682 (remearis
1284 3633 1406 3695 inriguam.
1430 3635 1508 3684 Nunc

959 3717 1045 3760 torvas
1060 3713 1161 3774 pariter
1179 3718 1257 3761 cester
1273 3718 1297 3761 et
1317 3717 1420 3774 pectora
1436 3727 1504 3761 rum·

366 3796 458 3852 libans,
483 3795 556 3859 idque
583 3796 655 3843 alteri
681 3793 781 3842 lectioni
805 3793 911 3843 multum
957 3793 1012 3853 pa,
1054 3792 1221 3855 Dilectosque'
1252 3793 1348 3853 premis
1381 3794 1449 3840 aaut
1480 3797 1507 3841 et

366 3873 486 3932 antefert,
502 3874 561 3937 quia
577 3874 747 3934 praelambere
764 3885 813 3919 non
831 3873 911 3920 estof-
952 3870 1056 3931 fricata
1077 3872 1166 3919 lavabis
1194 3871 1297 3920 Oscula.
1322 3871 1431 3934 Apage,
1458 3871 1506 3928 ait,

366 3953 449 4002 liciose
469 3960 494 4001 et
515 3951 643 4000 verniliter
667 3951 844 4011 ministrantis,
870 3953 912 4000 sed
959 3951 1023 3999 illud
1053 3953 1159 4011 tenebis,
1189 3951 1288 4000 foedum
1319 3953 1387 4000 enim
1415 3959 1440 4001 et
1465 3952 1503 4000 in·

367 4034 471 4096 dignum
499 4033 603 4096 colapho
629 4032 753 4090 facientis,
778 4032 836 4095 quia
861 4047 912 4080 nou
959 4031 1098 4078 honestum.
1134 4029 1194 4078 Sine
1209 4031 1284 4080 dubio
1299 4031 1448 4094 legendum,
1474 4033 1505 4080 li-

367 4113 676 4176 significatpraepaatare‚
693 4117 718 4158 et
733 4124 856 4173 nusquam
867 4111 912 4158 ali·
959 4112 1004 4158 baa
1021 4113 1112 4160 orcula.
1141 4110 1264 4172 Equidem
1281 4111 1332 4159 fere
1349 4125 1400 4159 nou
1411 4109 1504 4168 dubito,

368 4191 394 4240 bi
405 4192 519 4249 occurrit,
536 4190 582 4238 nisi
598 4190 629 4237 de
646 4189 721 4238 fluvio
738 4189 839 4238 alveum
850 4190 911 4238 lam·
959 4190 1020 4253 quin
1036 4190 1171 4253 legendum
1182 4189 1225 4237 sit:
1241 4191 1403 4252 Dilectosqae
1410 4191 1505 4252 premis

368 4271 597 4320 benteetrcdente.
614 4270 772 4331 Respondeo:
789 4267 913 4331 Exempla
959 4271 1028 4317 visas
1044 4276 1069 4318 et
1079 4270 1183 4331 fricata
1199 4270 1278 4316 lalrrr's
1314 4269 1414 4317 Oscula.
1443 4267 1504 4316 Pre-

368 4350 498 4399 Prudentii
515 4356 540 4397 et
556 4347 652 4397 Avieni
668 4347 756 4395 saltem
772 4349 912 4407 ostendunt,
959 4348 1006 4396 mis
1033 4346 1116 4395 oculos
1141 4353 1165 4394 et
1186 4360 1212 4394 os
1233 4346 1324 4394 mortui
1349 4346 1425 4394 labris
1448 4348 1504 4404 tuis,

369 4444 422 4478 esse
438 4429 542 4478 verbum
559 4442 606 4475 usu
621 4426 762 4489 cognitum,
779 4441 881 4490 eosque,
892 4427 913 4475 si
959 4427 1043 4476 oculos
1061 4433 1085 4474 et
1101 4439 1128 4474 cs
1144 4425 1235 4472 mortui
1251 4424 1378 4474 oscularis.

369 4524 419 4557 non
435 4508 509 4564 alibi,
535 4507 601 4571 quod
626 4506 670 4553 vix
694 4506 808 4554 credibile
824 4515 869 4563 est,
886 4507 913 4555 in
986 4506 1138 4555 Doderlinus
1155 4510 1228 4567 putat
1244 4505 1374 4553 vmditer
1387 4511 1411 4552 et
1431 4520 1505 4568 prae·

369 4588 475 4637 Horatio
496 4587 582 4636 saltem
604 4586 702 4634 vidisse.
736 4585 914 4636 Praelambere
960 4586 1071 4634 lambens
1087 4584 1119 4632 ad
1135 4582 1235 4632 laudem
1252 4583 1331 4631 muris
1344 4583 1433 4632 urbani
1451 4599 1505 4649 per-

369 4684 420 4717 uon
436 4676 474 4716 est
490 4674 566 4717 antea
582 4669 701 4724 lauriae,
717 4667 761 4714 sed
777 4666 870 4728 aliquid
887 4665 913 4713 in
961 4664 1046 4712 tinore.

1288 4746 1323 4807 ll
