3750 5759
815 705 999 770 LIBER
1046 705 1088 768 ΙΙ.

1449 705 1510 768 165

421 891 602 956 Fortunam
626 896 659 955 et
682 910 787 954 mores
811 888 966 974 antiquae
989 889 1114 974 plebis,
1139 895 1172 954 ct
1196 889 1301 969 idem,
1394 876 1397 880 “

417 993 548 1080 Siquis
573 994 614 1058 ad
639 993 696 1057 illa
719 992 798 1057 deus
824 992 934 1057 subito

958 997 990 1056 te
1013 997 1108 1076 agat,
1134 1014 1236 1078 usque
1260 1014 1406 1074 recuses,
1421 985 1436 1004 ⁹

417 1096 487 1161 Aut
510 1096 587 1182 quia
609 1118 675 1161 non
700 1095 819 1178 sentis,
844 1095 931 1180 quod
955 1095 1096 1177 clamas,
1120 1094 1240 1160 rectius
1265 1117 1352 1176 esse,

416 1199 486 1264 Aut
508 1200 586 1285 quia
608 1222 673 1265 non
697 1200 812 1264 firmus
836 1206 962 1263 rectum
987 1197 1153 1281 defendis,
1178 1207 1211 1264 et
1234 1199 1345 1263 haeres

416 1303 646 1389 Nequidquam
669 1325 768 1370 coeno
792 1301 926 1387 cupiens
951 1302 1088 1366 evellere
1110 1302 1269 1386 plantam.

417 1406 540 1471 Romae
564 1428 619 1471 rus
643 1411 756 1492 optas,
781 1405 952 1470 absentem
975 1404 1117 1468 rusticus
1141 1405 1256 1469 urbem

416 1509 517 1574 Tollis
541 1509 583 1574 ad
606 1515 695 1575 astra
718 1509 809 1574 levis.
860 1507 895 1574 Si
921 1529 1084 1592 nusquam
1108 1529 1143 1573 es
1167 1507 1250 1573 forte
1272 1512 1407 1572 vocatus

418 1612 473 1676 Ad
497 1635 647 1697 coenam,
672 1613 788 1678 laudas
813 1632 963 1677 securum
986 1611 1058 1675 olus
1090 1633 1145 1693 ac,
1170 1611 1261 1676 velut
1283 1632 1423 1695 usquam

415 1716 556 1782 Vinctus
581 1740 654 1801 eas⁷
679 1718 784 1782 itate
807 1715 937 1781 felicem
960 1713 1043 1779 dicis
1067 1737 1238 1800 amesque,

415 1818 509 1900 Quod
531 1842 695 1905 nusquam
718 1820 780 1886 tibi
804 1819 849 1884 sit
870 1817 1062 1903 potandum.
1112 1818 1250 1883 iusserit
1272 1817 1314 1882 ad
1337 1839 1372 1882 se

368 1922 440 1972 tulit:
464 1925 604 1986 Nunquam
626 1926 698 1973 hodie
723 1923 839 1987 effugies
856 1923 917 1983 quin

369 2017 425 2050 mec
442 2017 519 2051 mcccc
538 2003 655 2052 moriare.

401 2082 431 2130 Si
447 2085 504 2145 qaia
521 2084 556 2130 ad
572 2082 691 2130 iliadem
707 2083 791 2130 subito
811 2085 836 2128 tc
848 2085 917 2142 ccci,

369 2174 448 2223 acque
472 2175 577 2209 recures.
618 2159 770 2210 scholiastae
798 2159 917 2222 interpre-

347 2227 350 2232 “
367 2244 466 2298 tantur,
482 2242 562 2299 valde,
580 2254 677 2301 semper
699 2241 738 2287 cel
754 2239 834 2287 valde.
869 2238 917 2287 Al·

367 2323 422 2364 tera
438 2317 587 2380 significatio
607 2332 639 2365 ex
656 2317 734 2365 altera
751 2315 823 2365 facile
841 2318 916 2365 dedu-

367 2396 440 2455 citur,
457 2403 482 2445 et
498 2399 571 2445 cclde
586 2397 660 2459 plane
677 2396 812 2444 sententiae
829 2411 917 2445 conve·

960 1919 1049 1968 borum
1082 1921 1254 1984 repetitionem
1294 1919 1424 1978 effuderit,
1458 1921 1509 1983 ipse

959 1998 1135 2048 emendaturus
1158 1999 1234 2047 fuisse
1251 2001 1386 2049 censendus
1404 2007 1452 2049 est:
1480 2001 1510 2049 Si

962 2094 1012 2126 uon
1023 2079 1126 2141 ecferte
1137 2085 1247 2128 coccias.
1270 2079 1377 2128 Librarii
1389 2095 1421 2129 ex
1436 2096 1510 2144 appo·

959 2157 1011 2205 sitis
1020 2172 1126 2221 acquam
1135 2165 1160 2206 et
1174 2171 1314 2219 nusquam,
1328 2159 1412 2208 velex
1426 2152 1510 2222 glossa

958 2233 1118 2294 interlineari,
1134 2236 1174 2284 hic
1190 2252 1316 2300 nusquam
1332 2253 1377 2301 pro
1389 2255 1438 2288 nce
1449 2241 1509 2288 scri·

958 2312 1015 2361 bere
1032 2322 1175 2377 potuerunt.

993 2395 1117 2444 Securum
1133 2398 1195 2445 clue.
1213 2395 1414 2446 Commentator:
1438 2405 1508 2457 „coe-

369 2476 415 2532 nit,
432 2481 460 2522 ut
478 2475 504 2522 in
522 2474 641 2524 Cicerone
658 2475 689 2522 de
706 2473 802 2523 Seneet.
820 2476 860 2523 23.
887 2477 917 2524 Si
956 2486 1015 2520 nam
1027 2475 1146 2523 rusticam
1162 2481 1187 2522 et
1203 2481 1319 2533 tenuem3
1343 2475 1453 2539 dicisque
1470 2478 1507 2526 ni-

368 2557 427 2616 quis
444 2556 516 2603 Deus
533 2556 595 2602 milti
606 2555 743 2615 icrpcctar,
759 2555 832 2602 acide
848 2569 917 2602 recu·
956 2551 992 2600 hil
1011 2568 1064 2602 esse
1081 2554 1205 2611 securius,
1227 2569 1303 2617 quam
1326 2556 1448 2617 prandere
1466 2557 1507 2605 do·

369 2648 429 2682 aem.
454 2633 499 2680 An
515 2632 579 2680 iliud
596 2634 668 2680 valde
684 2632 718 2679 sic
730 2645 773 2694 per
785 2648 862 2695 usque
874 2647 916 2681 ex·
957 2631 1016 2679 mi.“
1041 2632 1106 2681 Alii:
1123 2631 1199 2679 nullis
1216 2632 1296 2680 turbis
1313 2633 1508 2696 interpellatum,

368 2713 503 2775 primitur,
521 2712 613 2760 dubito.
646 2713 823 2773 Expectassem
841 2711 917 2770 aliud,
957 2725 1006 2774 qno
1023 2711 1077 2774 quis
1094 2710 1188 2773 placide
1205 2709 1310 2768 fruatur,
1329 2726 1377 2773 quo
1403 2714 1458 2776 quis
1481 2717 1507 2763 in

369 2809 394 2841 v.
411 2807 431 2843 c.
458 2792 489 2840 Si
504 2793 561 2854 qaia
582 2793 617 2838 cd
636 2792 683 2838 iila
704 2793 776 2840 Deua
792 2793 876 2840 sabito
893 2797 917 2839 te
957 2804 1043 2838 securo
1068 2790 1117 2838 otio
1146 2789 1259 2838 vescitur.
1300 2791 1424 2840 Putabam
1453 2798 1508 2844 clas

370 2877 439 2935 ccci,
455 2872 494 2918 ire
510 2885 614 2918 recuses.
631 2870 751 2918 Horatius
768 2870 832 2918 dixit
849 2870 916 2918 idem
956 2884 1072 2919 securum
1088 2883 1158 2928 esse,
1180 2884 1230 2932 quo
1251 2870 1307 2933 quis
1329 2871 1382 2919 sine
1399 2874 1508 2934 periculo

370 2952 398 3000 in
414 2950 488 3000 Satir.
504 2949 527 2997 Ι.
544 2950 615 3000 1.17.
641 2952 713 2999 Hinc
725 2966 767 2999 vce
800 2951 917 2998 Vesbius
957 2961 1002 2995 suc
1019 2947 1131 3007 fruatur,
1152 2949 1293 3011 oppositum
1318 2949 1462 3011 splendidae
1483 2960 1508 3002 et

370 3030 476 3078 scutata
486 3029 604 3077 discedite
614 3031 742 3090 partibus.
764 3031 826 3087 Eia,
847 3029 918 3087 Qatc

369 3107 469 3158 statis?
504 3108 603 3155 Nolint.
636 3107 717 3170 Epist.
740 3106 918 3160 11.11.37.1

370 3190 443 3246 bone,
460 3188 522 3249 quid
537 3186 612 3234 scca?
811 3186 815 3196 '

403 3265 555 3315 Doderlinus
571 3265 648 3327 legit:
667 3270 691 3314 te
702 3271 764 3326 ccci
775 3281 861 3329 usque,
879 3282 917 3315 re·

368 3361 445 3395 cutes.
479 3345 565 3408 Usque
581 3345 613 3391 ad
628 3342 673 3391 illa
689 3350 714 3392 te
730 3351 802 3405 agat,
819 3351 848 3392 ut
873 3343 918 3394 Sa·

370 3425 411 3475 tir.
437 3427 459 3476 Ι.
480 3440 509 3474 ιῐ.
534 3424 575 3473 26.
602 3425 693 3486 inquere
718 3425 753 3471 cd
776 3426 919 3472 obscoenum

370 3506 502 3554 subductis
519 3519 602 3567 usque.

404 3585 502 3633 Romae
526 3599 573 3633 rua
598 3588 680 3644 epten.
714 3579 839 3645 Compare
866 3583 919 3630 Lu·

371 3662 436 3710 ciani
453 3662 540 3725 cynic.
558 3663 595 3714 17.
614 3661 685 3725 ὑμεῖς
703 3660 728 3709 δὲ
745 3661 786 3711 διὰ
809 3665 857 3720 τῆν
878 3661 918 3710 εὐ-

372 3741 507 3808 δαιμονίαν
524 3740 606 3790 uideri
618 3745 670 3789 τῶν
687 3739 844 3805 γιγνομένων
861 3739 918 3803 ἀρέ-

372 3821 473 3881 σκεσῦε,
496 3820 539 3868 καὶ
558 3817 647 3872 πάντα
664 3817 801 3883 μέμφεσθε,
823 3819 866 3866 cci
887 3820 920 3866 τὰ

372 3902 420 3964 μὲν
438 3900 558 3963 παρόντα
577 3897 658 3964 φέρειν
675 3898 721 3946 οὐκ
738 3895 850 3958 ἐθέλετε,
869 3901 921 3946 τῶν

373 3979 398 4029 δὲ
415 3979 538 4029 ἀπόντων
555 3980 659 4044 ἐφίεσθε.
679 3981 803 4041 χειμῶνος
820 3978 867 4040 μὲν
884 3977 920 4024 εὐ-

372 4059 474 4123 χόμενοι
490 4057 576 4121 θέρος,
592 4056 682 4122 θέρους
699 4055 724 4104 δὲ
741 4060 861 4119 χειμῶνα.

408 4140 438 4188 Si
453 4153 579 4200 nusquam
596 4152 620 4184 es
630 4136 704 4198 scrtc
723 4141 833 4184 coccias.
866 4134 920 4184 Sta·

372 4217 418 4266 tim
435 4217 546 4280 sequitur
563 4231 683 4278 usquam,
700 4221 754 4262 turn
766 4228 852 4262 rursus
863 4229 920 4262 nus·

957 3028 1046 3077 dubiae
1062 3043 1167 3086 coenae,
1184 3029 1250 3077 unde
1271 3027 1411 3090 periculum
1428 3030 1508 3080 immi-

960 3115 1002 3156 net
1020 3108 1165 3157 valetudini.

996 3190 1071 3236 Velut
1082 3202 1188 3250 usquam
1214 3189 1321 3236 Vinctus
1337 3203 1386 3238 ecs.
1413 3188 1509 3239 Horke·

957 3266 1031 3323 lium,
1049 3279 1122 3328 quem
1139 3264 1275 3314 offenderat
1290 3281 1387 3331 queque
1403 3274 1440 3316 ter
1456 3270 1510 3318 sine

958 3344 1092 3393 intervallo
1103 3344 1235 3407 repetitum
1245 3360 1383 3407 nusquam,
1395 3363 1509 3411 aequom,

958 3439 1094 3487 nusquam,
1112 3421 1215 3472 offendit
1231 3424 1331 3472 vinctus
1343 3440 1399 3484 ecs,
1416 3432 1441 3474 et
1458 3427 1508 3475 for·
1592 3453 1610 3466 s

959 3503 1008 3552 tius
1025 3501 1145 3566 postulari
1168 3508 1251 3565 putat,
1269 3505 1384 3564 rapiere,
1401 3508 1509 3556 trahere.

961 3581 1079 3631 Coniicit:
1105 3583 1173 3630 celat
1190 3596 1271 3631 escam
1292 3585 1343 3630 Vix
1353 3584 1454 3646 jacias.
1481 3586 1509 3636 si

961 3661 1023 3709 clius
1049 3676 1124 3725 qnam
1146 3675 1193 3725 ego
1210 3661 1366 3710 coniecisset:
1384 3666 1452 3713 celat
1467 3681 1508 3715 ecs·

960 3756 1037 3802 quam
1048 3742 1164 3789 icc-Vitas
1177 3755 1229 3799 ecs,
1242 3739 1331 3788 melius
1348 3740 1508 3803 appellarem.

962 3818 1011 3869 Sed
1028 3819 1081 3868 vidi
1098 3819 1147 3868 iam
1164 3820 1199 3868 ita
1217 3818 1361 3867 Marcilium
1378 3819 1492 3870 voluisse.

994 3902 1034 3947 Ac
1050 3901 1118 3948 celat
1134 3914 1241 3962 usquam
1279 3902 1387 3948 Vinctus
1403 3915 1453 3960 ecs,
1471 3905 1510 3951 ita

963 3982 987 4025 tc
998 3976 1101 4040 felicem
1124 3979 1190 4026 dicis
1207 3994 1323 4042 certasque
1360 3981 1435 4038 Quod
1450 3997 1508 4031 aaa·

961 4071 1036 4117 quam
1055 4057 1101 4104 tibi
1117 4057 1153 4105 sit
1169 4061 1315 4119 potandum.
1350 4058 1385 4106 Hi
1402 4058 1509 4121 iungunt

961 4139 985 4182 te
1002 4133 1097 4183 felicem
1114 4134 1175 4182 dicis
1193 4142 1218 4185 et
1235 4151 1319 4194 amca,
1343 4135 1386 4184 alii
1412 4143 1436 4184 te
1458 4136 1509 4185 feli-

961 4226 1014 4261 cem
1036 4213 1110 4270 dicis,
1131 4219 1156 4262 et
1181 4229 1253 4263 amca
1277 4216 1350 4278 qaod.
1385 4215 1416 4262 In
1440 4231 1510 4264 cirins

372 4312 456 4359 qaam.
487 4295 576 4350 Talia,
601 4293 687 4351 credo,
711 4307 761 4340 non
786 4299 844 4340 sunt
871 4293 920 4341 nisi
961 4291 1123 4355 cogitandum
1143 4298 1169 4341 et
1185 4309 1269 4350 amco,
1285 4299 1316 4340 at
1332 4295 1376 4342 nu.
1411 4295 1509 4356 Legen-

372 4375 498 4437 scriptoris
519 4373 657 4422 orationem
678 4371 824 4433 castigatam
846 4371 920 4433 plane
961 4374 1021 4420 dum
1038 4371 1135 4433 potius:
1154 4386 1184 4420 cc
1201 4373 1269 4420 celat
1282 4385 1388 4433 cisquum
1402 4369 1510 4422 Vicetia

372 4469 423 4506 non
448 4455 563 4503 curantis.
596 4451 718 4502 Horatius
739 4458 826 4499 eontra
847 4451 919 4500 valde
960 4465 1016 4507 ecs,
1043 4450 1082 4497 ita
1109 4454 1133 4498 te
1154 4449 1259 4512 felicem
1289 4451 1364 4508 dicis,
1394 4466 1510 4515 uocesque

372 4533 481 4581 curabat.
516 4534 585 4583 Haec
606 4539 689 4580 autern
711 4531 735 4578 ei
757 4529 876 4592 relegenti
893 4530 919 4578 in
965 4530 1041 4588 Quod
1071 4543 1195 4590 nusquam
1222 4530 1271 4577 tibi
1297 4531 1333 4578 sit
1359 4532 1508 4591 potandam.

373 4610 455 4661 oculos
479 4613 611 4662 iucurrisse
636 4609 750 4660 credibile
775 4617 824 4669 est;
851 4616 875 4657 et
898 4611 919 4658 si
961 4607 1058 4656 Pendet
1075 4620 1143 4656 umes
1159 4622 1175 4654 a
1191 4610 1264 4661 celat,
1298 4607 1409 4657 Felicem
1433 4616 1457 4658 te
1474 4611 1508 4658 di·

374 4689 469 4741 incuria
485 4699 536 4742 tarn
549 4693 699 4743 fastidiosam
716 4691 851 4740 eorundem
864 4705 917 4740 ver·
961 4688 1009 4747 cis,
1027 4686 1096 4737 velut
1112 4687 1203 4739 invitus
1225 4702 1330 4751 usquam
1347 4702 1396 4745 eas,
1414 4694 1439 4737 et
1457 4689 1508 4739 vel·
