3750 5759
378 681 438 742 136
747 678 1124 744 SATIRARUM

396 870 589 961 ‘Mendosa
613 857 765 956 quoniam
789 870 899 935 vacuis
923 869 1125 935 committere
1149 869 1239 934 venis

418 973 476 1037 Nil
499 974 564 1038 nisi
587 975 659 1040 lene
683 975 788 1039 decet:
814 974 880 1040 leui
902 974 1089 1061 praecordia
1111 973 1218 1038 mulso

419 1081 581 1150 Prolueris
603 1079 730 1144 melius.
778 1079 813 1145 Si
837 1079 917 1144 dura
938 1079 1118 1144 morabitur
1140 1073 1251 1161 alvus,

418 1188 555 1253 Mitulus
579 1189 613 1250 et
634 1182 716 1248 viles
738 1183 863 1269 pellent
885 1182 1051 1248 obstantia
1071 1183 1212 1249 conchae

418 1291 462 1355 Et
484 1287 609 1376 lapathi
631 1285 738 1352 brevis
759 1286 876 1368 herba,
901 1287 959 1351 sed
981 1286 1055 1353 albo
1078 1308 1144 1351 non
1167 1286 1238 1352 sine
1262 1285 1338 1352 Oce.

418 1393 557 1459 Lubrica
579 1395 749 1456 nascentes
772 1389 913 1475 implent
935 1390 1105 1474 conchylia
1127 1391 1239 1468 lunae3

420 1497 484 1564 Sed
505 1517 571 1561 non
595 1516 691 1560 omne
712 1515 801 1558 mare
824 1499 875 1558 est
896 1514 1070 1578 generosae
1093 1494 1200 1559 fertile
1223 1501 1335 1559 testae.

417 1600 540 1666 Murice
564 1598 688 1665 Baiano
711 1597 825 1662 melior
849 1596 990 1662 Lucrina
1011 1597 1147 1681 peloris,

417 1704 533 1782 Ostrea
555 1700 707 1783 Circeiis,
730 1699 858 1764 Miseno
881 1699 1029 1765 oriuntur
1052 1700 1174 1784 echini,

417 1805 606 1873 Pectinibus
629 1803 752 1890 patulis
776 1803 877 1869 iactat
899 1826 934 1869 se
954 1804 1053 1869 molle
1076 1804 1258 1870 Tarentum.

416 1912 484 1976 Nec
508 1909 572 1976 sibi
594 1930 767 1974 coenarum
790 1907 897 1992 quivis
921 1912 1042 1974 temere
1064 1914 1192 1994 arroget
1214 1913 1335 1990 artem,

415 2015 490 2080 Non
512 2013 603 2099 prius
628 2017 741 2077 exacta
764 2011 855 2076 tenui
877 2011 1003 2077 ratione
1026 2034 1186 2098 saporum.

414 2118 482 2184 Nec
507 2117 587 2183 satis
611 2122 661 2182 est
683 2139 756 2182 cara
776 2115 882 2201 pisces
906 2139 1049 2182 averrere
1071 2139 1202 2202 mensa,

414 2222 586 2306 Ignarum,
610 2219 728 2305 quibus
751 2219 874 2284 estius
898 2219 1006 2304 aptius
1036 2225 1069 2285 et
1091 2220 1208 2306 quihus
1233 2221 1315 2287 assis

416 2322 606 2408 Languidus
627 2322 662 2386 in
686 2322 834 2388 cubitum
857 2322 923 2386 iam
947 2345 981 2407 se
1003 2323 1140 2388 conviva
1161 2331 1304 2410 reponet.

414 2429 537 2494 Umber
560 2434 593 2494 et
615 2428 719 2514 iligna
741 2427 885 2493 nutritus
908 2428 1029 2513 glande
1051 2429 1206 2494 rotundas

416 2532 538 2598 Curvat
560 2554 636 2618 aper
659 2533 767 2597 lances
792 2553 921 2597 carnem
944 2531 1080 2597 vitantis
1104 2532 1252 2598 inertem:

408 2717 500 2766 Vaccis
524 2717 676 2765 committere
702 2718 777 2766 venis.
819 2715 912 2766 Seneca
953 2714 1015 2777 qniis
1032 2720 1197 2775 enarrantur,
1218 2722 1246 2762 ut
1267 2721 1324 2778 pote
1344 2727 1406 2777 quos
1427 2726 1503 2761 nemo

368 2798 448 2860 Epist.
467 2798 521 2845 122.
554 2795 596 2843 Illi
611 2797 912 2845 mercentur-tintan-
953 2795 1114 2842 oonvivarum
1139 2800 1242 2856 tangere
1270 2794 1342 2851 velit,
1370 2798 1502 2856 propterea

368 2885 411 2925 tra
427 2882 548 2924 naturam
563 2876 656 2933 vicere,
667 2876 711 2938 qai
721 2876 801 2923 tetum
812 2875 911 2930 bibunt,
952 2874 1019 2935 quod
1040 2882 1126 2937 aptum
1147 2875 1235 2937 cuique
1252 2874 1436 2922 condimentum
1458 2873 1501 2920 de-

367 2957 411 3018 qui
435 2957 522 3004 cinam
542 2956 668 3017 recipiunt
691 2954 811 3000 ieiunitas
831 2953 911 3008 cena,
953 2952 992 3001 sit.
1022 2952 1062 3013 Si,
1078 2955 1143 3016 quod
1160 2954 1295 3017 simplicius
1312 2962 1362 3012 est,
1379 2952 1445 3000 idem
1461 2958 1501 3000 est

367 3041 392 3083 et
409 3036 443 3083 ad
457 3036 540 3083 citum
556 3035 618 3081 etati
635 3031 789 3080 transeunt?
952 3030 1046 3088 verius,
1069 3048 1152 3082 mensa
1169 3035 1309 3096 piscatoria
1331 3033 1438 3080 avellere
1453 3045 1502 3079 sua

402 3115 455 3162 Nec
475 3114 540 3160 eatis
562 3117 600 3160 eet
619 3124 681 3160 cara
701 3112 781 3173 pisces
797 3125 913 3158 averrere
951 3122 978 3156 sc
999 3110 1103 3158 veritate
1124 3112 1150 3159 in
1171 3112 1218 3160 hae
1234 3127 1320 3162 caussa
1335 3111 1501 3160 commendat.

368 3205 460 3240 nieme.
494 3190 525 3238 In
542 3190 596 3237 aliis
613 3195 733 3238 avertere.
766 3189 840 3238 Unde
861 3189 912 3253 legi
985 3189 1138 3239 Doderlinus
1163 3205 1219 3240 cnm
1235 3192 1366 3241 Duntzero
1382 3206 1500 3240 averrere

368 3277 464 3333 poterat
479 3271 590 3318 avellere.
623 3268 708 3318 Pisces
719 3269 746 3316 in
757 3283 842 3317 mensa
853 3284 911 3318 ven·
952 3268 1059 3331 explieat
1075 3285 1159 3319 omnes
1176 3277 1252 3333 pisces
1265 3287 1297 3321 ex
1308 3270 1498 3327 mensatollere,

368 3351 473 3409 duntur,
489 3364 575 3397 mensa
586 3349 663 3412 pisces
675 3349 766 3397 vendit.
791 3349 842 3410 Qui
853 3363 911 3396 ven·
952 3355 980 3397 ut
1001 3349 1085 3398 nullus
1108 3352 1221 3414 supersit.
1255 3350 1407 3414 Comparant
1429 3351 1498 3398 Mar·

368 3429 405 3478 dit
421 3443 474 3477 rem
490 3428 704 3488 delicatissimam,
722 3443 751 3477 ea
761 3443 801 3476 res
812 3426 850 3476 illi
861 3442 911 3476 non
952 3428 1002 3476 dal.
1019 3429 1055 3478 II.
1067 3430 1106 3481 37.
1142 3432 1274 3494 Quidquid
1285 3434 1393 3493 ponitur
1404 3431 1462 3477 hinc
1472 3434 1498 3477 et

367 3509 420 3557 sine
444 3509 565 3557 immenso
588 3509 666 3572 pretio
690 3508 760 3571 quasi
780 3509 911 3567 avellitur,
951 3511 1009 3558 inde
1025 3512 1112 3559 verrio.

367 3602 413 3636 nec
422 3588 471 3636 nisi
481 3588 573 3636 inritus
583 3588 672 3637 emtori
681 3587 763 3636 tradit.
780 3585 911 3635 Commen-
984 3591 1109 3652 Ipsarum
1130 3593 1219 3652 quitus
1240 3596 1278 3638 est
1299 3592 1342 3638 ius
1357 3591 1455 3652 aptius,
1471 3595 1497 3638 et

367 3674 443 3715 tator:
461 3682 590 3726 „evenere
605 3682 702 3715 mensa:
719 3682 805 3715 eram
822 3674 846 3716 et
866 3685 911 3715 aa·
952 3671 1039 3730 quitus
1055 3673 1126 3719 asad.
1158 3671 1278 3719 Horatius
1299 3669 1326 3716 in
1347 3668 1394 3718 hac
1416 3668 1497 3719 Satira

361 3746 461 3807 serre.“
503 3747 619 3796 Fortasse
645 3746 778 3807 legendum
809 3748 911 3808 eripere.
952 3749 1029 3797 Ennii
1044 3748 1248 3813 Hedyphagetiea
1264 3756 1322 3797 ante
1342 3748 1427 3797 oculos
1452 3748 1495 3796 ha-

368 3826 456 3874 Horat.
474 3824 547 3875 Satir.
564 3826 585 3874 I.
603 3840 632 3874 11.
651 3827 704 3874 103.
718 3828 831 3887 pretium
847 3829 911 3875 acel-
952 3828 1033 3879 buisae
1045 3830 1147 3878 videtur.
1168 3828 1263 3892 Appul.
1276 3828 1384 3892 Apolog.
1396 3845 1420 3892 p.
1432 3829 1493 3877 490:

369 3906 423 3952 tier.
457 3905 556 3952 Terent.
584 3905 698 3954 Ennueh.
725 3906 775 3954 ΠΙ.
804 3919 843 3953 m.
874 3907 911 3955 14.
951 3909 982 3956 de
998 3909 1094 3966 Ennio,
1111 3909 1153 3972 qui
1170 3908 1231 3957 alios
1247 3908 1324 3971 pisces
1342 3911 1430 3957 nautii-r
1442 3923 1493 3957 cer-

372 3983 452 4031 Credo
469 3985 492 4030 ei
506 3986 606 4046 placere
622 3985 679 4032 hcc:
696 3990 782 4043 sperat
798 3999 825 4032 se
840 4001 857 4032 a
873 4002 912 4035 me
951 3989 1019 4037 sibus
1035 3991 1172 4047 decoravit,
1189 3994 1225 4046 et,
1243 3990 1414 4050 redigentium
1430 3989 1494 4051 qur't·

369 4063 483 4110 auellere.
523 4062 649 4110 Donatus:
678 4062 765 4120 „Bono
790 4077 849 4114 usus
874 4072 911 4114 est
951 4084 998 4130 quc
1013 4084 1096 4118 eorum
1109 4071 1265 4126 incantatur,
1282 4069 1401 4127 ostendit,
1413 4069 1493 4130 quaii-

369 4140 444 4189 verbo
460 4143 575 4201 avellere,
599 4148 726 4204 tamquam
747 4157 762 4189 a
782 4143 911 4205 pertinaci·
952 4154 990 4195 ter
998 4148 1492 4211 assaecutiusculmtuscptimeeapict.

369 4227 407 4268 ter
426 4221 571 4270 retinente.“
603 4221 693 4269 Mensa
708 4228 745 4270 est
760 4239 843 4271 maaca
859 4227 911 4286 pia·
986 4226 1084 4275 Carvct
1100 4241 1162 4288 aper
1179 4228 1261 4275 lances
1277 4241 1378 4276 earnem
1390 4231 1493 4276 vitantia

367 4303 472 4350 caturia.
506 4300 546 4348 Ita
562 4307 656 4348 veteres
673 4298 832 4349 Scholiastae.
848 4302 911 4352 Gro·
949 4309 1063 4355 inertem.
1097 4304 1161 4354 caro
1177 4308 1245 4354 iners
1260 4321 1310 4354 uon
1326 4313 1363 4354 est
1378 4307 1492 4370 simplici-

367 4380 455 4429 novins
471 4387 583 4431 avertere
598 4395 682 4429 measa
696 4381 835 4444 explicabat
845 4383 910 4432 frau-
950 4391 988 4434 ter
1002 4387 1127 4449 insipida,
1153 4399 1198 4434 nee
1226 4385 1359 4448 quidquam
1389 4386 1491 4447 habens,

368 4459 427 4508 dare
442 4475 553 4509 mensam
569 4458 673 4507 alieuius
693 4459 789 4508 delicati
810 4462 910 4513 obsonio
951 4481 1000 4529 quo
1016 4467 1127 4529 palatum
1144 4468 1253 4515 suaviter
1269 4465 1372 4513 afficiat:
1390 4467 1432 4514 sed
1443 4481 1491 4514 non

369 4535 424 4585 illo:
440 4538 567 4588 Bentleius
583 4553 698 4588 averrere
713 4556 810 4599 menta,
830 4557 910 4607 neque
950 4545 1043 4594 habens
1068 4547 1120 4594 vim
1145 4547 1267 4603 altricem,
1292 4553 1411 4609 quantam
1436 4562 1490 4594 caro

369 4616 459 4665 suflicit
480 4619 556 4680 pisces
576 4618 687 4680 impenso
702 4620 781 4681 pretio
801 4624 908 4673 coemtaa
950 4626 1002 4687 apri
1018 4625 1095 4688 iligna
1112 4626 1202 4689 glande
1213 4627 1282 4688 pasti.
1308 4626 1403 4675 Seneca
1414 4628 1489 4690 Epist.

369 4694 395 4741 in
412 4710 496 4745 mensa
512 4713 557 4746 sua
573 4698 701 4757 exhibere,
723 4701 765 4762 qui
787 4716 831 4763 pro
848 4704 906 4752 reli·
950 4705 989 4751 95.
1037 4707 1142 4766 Ostrea,
1170 4709 1350 4757 inertissimam
1378 4723 1489 4766 eernere,
