3750 5759
760 683 1143 748 SATIRARUM

431 882 515 968 (Nec
538 898 630 944 meus
654 875 706 941 hic
731 895 836 939 sermo
860 882 926 953 est,
953 873 1009 939 aad
1033 895 1116 959 quae
1138 872 1305 959 praecepit
1330 872 1464 940 Ofellus

430 981 603 1064 Rusticus,
628 979 794 1046 abnormis
818 978 949 1064 sapiens
973 999 1146 1063 crassaque
1171 977 1321 1043 Minerva
1329 978 1355 1064 ,)

431 1086 577 1169 Discite,
602 1107 667 1150 non
691 1085 776 1149 inter
798 1083 909 1148 lances
933 1104 1130 1168 mensasque
1153 1082 1315 1159 nitentes,

436 1188 545 1269 Quum
570 1194 682 1275 stupet
705 1187 831 1252 insanis
855 1186 941 1252 acies
965 1185 1167 1271 fulgoribus,
1192 1195 1225 1251 et
1249 1207 1352 1271 quum

432 1294 579 1360 Acclinis
603 1293 696 1360 falsis
721 1293 851 1358 animus
875 1291 1012 1358 meliora
1035 1297 1178 1368 recusat;

386 1475 430 1510 cur
447 1461 557 1509 dicamus
574 1463 640 1518 bone,
658 1462 723 1516 boni,
740 1462 834 1517 chone,
845 1474 858 1507 o
870 1459 934 1507 boat.
976 1458 1021 1506 οὐκ
1038 1458 1107 1508 ἐστιν
1122 1458 1181 1523 ἐμὸς
1197 1458 1285 1523 μῦθος,
1296 1456 1384 1522 λόγος.
1403 1456 1534 1506 EtPrax·

387 1539 520 1588 Praeterea
536 1539 655 1588 Horatius
672 1539 697 1586 in
710 1538 756 1585 hac
769 1537 853 1587 Satira
863 1538 934 1600 qnasi
976 1537 1019 1585 illa
1025 1537 1157 1601 Sicyonia:
1166 1535 1293 1601 Ἀδμήτου
1301 1537 1395 1601 λόγον,
1405 1536 1425 1585 ὦ
1437 1534 1534 1601 ’ταῖρε,

389 1619 470 1668 verbis
488 1619 565 1682 ipsius
583 1616 661 1667 Ofelli
678 1617 763 1665 utitur.
798 1614 886 1665 Oratio
899 1617 934 1664 di·
975 1615 1065 1679 μαθὼν
1100 1617 1160 1673 τοὺς
1189 1615 1303 1680 ἀγαθοὺς
1329 1616 1405 1680 φίλει.
1455 1614 1534 1666 cont.

388 1696 481 1746 viditur
498 1696 524 1745 in
541 1697 702 1760 duaapartes.
719 1693 935 1757 Inprioreosten·
977 1694 1098 1744 Valcken.
1124 1695 1155 1743 ad
1181 1695 1268 1757 Eurip.
1295 1693 1399 1758 Hippoi.
1424 1711 1450 1758 p.
1473 1697 1534 1746 201.

387 1777 424 1825 dit
443 1791 508 1840 qaue
529 1783 555 1826 et
575 1782 674 1839 quanta
695 1777 778 1822 virtue
799 1776 833 1821 ait
855 1777 936 1823 vicere
976 1773 1059 1823 Bentl.
1075 1788 1107 1822 ex
1123 1774 1202 1823 tribus
1219 1773 1297 1824 codd.
1314 1776 1434 1824 Torreat.
1453 1776 1535 1824 edidit

386 1871 479 1917 parvo:
502 1857 529 1903 in
546 1855 626 1903 altera
641 1861 726 1917 parte,
746 1857 868 1916 quantam
885 1857 936 1902 ati·

388 1938 488 1984 litatem
510 1937 600 1983 habeut
621 1935 704 1981 eicere
723 1947 811 1994 paroc.
851 1932 937 1996 Argu·

388 2021 502 2062 mentum
519 2021 569 2063 est:
585 2012 629 2076 qui
643 2018 727 2076 pateat
744 2011 828 2059 vivere
846 2025 936 2073 parvo,

388 2094 409 2142 is
426 2094 473 2142 sibi
490 2092 598 2141 maxime
614 2092 723 2154 prodeat.
759 2089 825 2138 Illud
839 2095 876 2138 est
887 2091 936 2138 air-

390 2175 468 2233 tatie‚
485 2173 533 2221 hoc
548 2179 586 2220 est
600 2172 730 2227 cornnrodi,
747 2183 778 2218 ex
795 2169 888 2217 virtute
899 2183 936 2218 re·

389 2252 530 2301 dundantis.
554 2251 659 2299 Initium
677 2250 755 2312 partis
773 2248 876 2298 alterius
892 2249 936 2296 du·

389 2333 452 2380 citur
473 2348 489 2380 a
510 2347 546 2380 vs.
568 2331 607 2384 70.
643 2333 736 2392 Accipe
765 2344 832 2378 nanc
856 2327 938 2376 victae

389 2414 472 2460 tenuit
488 2427 552 2474 quae
563 2415 707 2474 quantaque
719 2424 800 2458 tecam
818 2407 936 2469 Adferat.

391 2493 425 2538 In
441 2493 535 2553 primia
551 2493 636 2540 caleat
653 2492 711 2538 bene
721 2504 758 2552 sq.
791 2487 847 2534 Iam
857 2486 937 2534 Hora·

390 2570 439 2618 rius
455 2571 481 2618 in
498 2570 665 2633 propositione
681 2567 831 2630 argumenti,
842 2566 873 2614 de
888 2581 937 2629 quo

389 2657 444 2699 crat
459 2649 602 2709 locuturus,
619 2655 718 2697 tantum
734 2644 874 2695 nominavit
887 2648 937 2692 eir·

390 2735 487 2788 tatem,
503 2727 586 2777 omisit
608 2729 754 2776 utilitatem.
788 2725 938 2786 Interpretes

392 2808 508 2857 nonnulli
533 2808 679 2865 sentientes,
704 2821 779 2870 quam
801 2819 852 2852 non
873 2811 938 2852 recte

390 2889 436 2936 hoc
462 2887 554 2935 facturn
578 2894 657 2944 esset,
679 2887 818 2934 utilitatem
839 2899 938 2948 quoqne

390 2968 482 3016 virtute
498 2967 618 3016 contineri
634 2971 793 3029 putaverunt.
828 2963 877 3013 Sed
893 2964 938 3011 hoc

392 3046 474 3109 ipsum
502 3046 547 3094 sibi
574 3045 794 3094 demonstrandum
811 3049 938 3103 sumserat,

391 3132 416 3173 et
432 3125 549 3188 exemplo
565 3122 643 3174 Ofelli
659 3124 847 3173 demonstravit.
868 3124 938 3186 Ergo

391 3204 418 3251 in
435 3205 599 3267 propositione
617 3211 668 3251 tam
685 3202 819 3251 memorari
828 3202 939 3262 debebat,

391 3302 467 3351 quam
478 3288 567 3336 virtue.
582 3285 731 3346 Legendum
742 3284 852 3332 videtur:
868 3285 941 3342 Quae

392 3370 476 3416 cirtica
500 3372 524 3415 et
549 3371 663 3428 quanta,
692 3365 749 3411 boni
774 3361 836 3425 qaid
858 3364 941 3412 ciem

390 3463 478 3510 parvo.
511 3443 616 3495 Locutio
641 3443 732 3490 usitata
756 3441 862 3500 Plant0,
891 3442 939 3490 Te-

392 3527 473 3575 rentio
498 3532 523 3574 ct
547 3523 648 3588 optimis
673 3521 737 3570 aliis.
772 3522 876 3570 Mercat.
902 3523 938 3572 ΙΙ.

393 3608 470 3655 1v.3.
509 3607 579 3663 Quid
600 3604 663 3652 milti
683 3608 722 3650 eet
742 3603 771 3650 in
791 3603 847 3649 cito
868 3604 939 3650 boni?

393 3685 468 3733 Most.
490 3683 526 3732 11.
543 3698 561 3731 1.
582 3683 624 3730 23.
656 3682 726 3738 Quid
742 3681 805 3727 milti
822 3682 858 3727 ait
875 3683 940 3738 botri,

976 1870 1053 1917 quoe,
1070 1861 1099 1902 ut
1115 1854 1255 1916 elegantius
1271 1861 1297 1903 et
1312 1854 1475 1918 castigatius,
1490 1869 1534 1904 ne·

977 1947 1025 1996 que
1050 1948 1076 1981 sc
1097 1933 1178 1982 dicere
1200 1933 1263 1983 velle
1285 1938 1418 1998 praecepit
1438 1951 1535 1986 rernm

978 2028 1040 2060 uera
1075 2013 1198 2076 Equidem
1221 2028 1271 2062 non
1291 2013 1401 2073 nollem,
1426 2017 1473 2065 sed
1496 2016 1534 2064 in·

978 2096 1139 2154 terpretarer:
1161 2109 1234 2156 quem
1255 2108 1392 2143 sermonem
1414 2100 1480 2144 cate
1496 2111 1536 2145 me

977 2173 1114 2233 explicuit,
1135 2187 1206 2234 quem
1235 2171 1336 2235 Ofellus
1358 2188 1535 2238 praeoccupa·

978 2252 1023 2299 cit.
1056 2251 1127 2314 Ergo
1148 2251 1189 2299 hic
1210 2265 1364 2300 sermonen
1384 2258 1425 2301 est
1445 2267 1535 2314 meus,

978 2329 1021 2377 sed
1037 2331 1108 2393 quasi
1125 2330 1202 2379 illins.
1233 2331 1273 2378 De
1289 2330 1367 2379 verbo
1381 2334 1536 2395 praecipere

979 2410 1035 2457 vide
1052 2410 1139 2459 Heins.
1157 2412 1188 2458 ad
1205 2410 1293 2460 Valet.
1309 2409 1394 2460 Flacc.
1406 2410 1457 2462 IV.
1473 2413 1535 2462 341.

979 2496 1003 2537 et
1020 2489 1086 2538 alibi.

1017 2571 1077 2618 Noa
1101 2570 1170 2617 inter
1195 2571 1285 2618 lancee.
1323 2569 1375 2620 Ubi
1400 2552 1477 2634 saepe
1502 2572 1535 2621 de

979 2648 1141 2710 temperantia
1161 2655 1186 2695 et
1204 2648 1356 2710 parcimonia
1375 2649 1535 2701 disserebant

979 2724 1014 2772 ita
1030 2726 1089 2786 dicti
1101 2726 1253 2790 philosophi,
1270 2727 1312 2776 vel
1323 2729 1455 2795 aretalogi.
1477 2732 1535 2781 Hos

979 2806 1112 2868 Augustus
1129 2807 1161 2853 ad
1174 2821 1275 2855 coenam
1287 2807 1421 2857 adhibebat
1431 2810 1535 2861 ridiculi

980 2898 1078 2944 caussa,
1096 2885 1154 2933 illos
1171 2885 1258 2934 irridet
1274 2886 1404 2936 Lucienus
1419 2888 1447 2937 in
1465 2889 1534 2941 Con·

981 2964 1056 3013 vitio.

1016 3045 1080 3094 Cam
1104 3051 1190 3108 stupet
1214 3048 1314 3096 incenia
1337 3050 1404 3098 ccicc
1418 3050 1534 3114 suipert-

980 3126 1032 3173 lma.
1066 3123 1268 3174 Commentator:
1292 3126 1413 3190 ,‚ineptia,
1434 3130 1534 3191 nimiis,

980 3203 1113 3268 indignis.‘⁴
1138 3205 1192 3254 rur
1208 3205 1288 3254 atter.
1315 3192 1476 3271 Ambiguum
1487 3210 1533 3274 tgr-

980 3288 1021 3331 tur
1038 3283 1195 3334 vocabulum.
1229 3285 1350 3335 Horatius
1367 3286 1486 3337 disertim
1501 3290 1533 3338 ai·

981 3361 1139 3423 gnificasset,
1178 3365 1237 3427 quid
1266 3363 1359 3422 vellet,
1389 3365 1532 3417 scribendo:

983 3441 1048 3489 Cum
1064 3449 1149 3505 stupet
1165 3446 1193 3492 in
1210 3447 1282 3492 acaia
1298 3444 1365 3493 aclea
1378 3445 1532 3509 fulporibua

981 3520 1064 3584 Caput
1083 3523 1256 3586 disputationis
1273 3522 1403 3573 Ofellanae
1420 3525 1469 3575 hoc
1487 3533 1531 3585 cst,

981 3608 1009 3648 ut
1029 3603 1153 3662 ostendat,
1179 3602 1291 3652 homines
1313 3608 1431 3662 externa,
1457 3604 1529 3665 salse,

981 3680 1049 3730 inani
1071 3697 1155 3731 rerum
1177 3684 1258 3747 specie
1279 3683 1372 3746 decipi:
1397 3686 1472 3734 eante
1491 3701 1527 3735 re·
1609 3712 1612 3717 ·

392 3767 417 3812 ei
433 3764 556 3812 utentior?
586 3762 687 3810 Terent.
699 3759 792 3822 Hecyr.
804 3759 837 3807 V.
850 3773 887 3808 nr.
901 3761 939 3809 ll.
980 3778 1038 3809 rum
1055 3765 1196 3826 carratam,
1212 3770 1240 3810 nt
1257 3777 1293 3810 vs.
1307 3763 1349 3811 25.
1366 3764 1472 3813 caudam
1487 3779 1527 3828 pa·

394 3844 482 3904 Neque
503 3843 532 3889 ia
551 3843 656 3896 acatio,
680 3855 758 3901 neque
778 3841 806 3886 in
828 3856 865 3888 me
886 3843 941 3902 ipae
970 3842 1050 3890 'vonis
1076 3856 1129 3890 esse
1153 3841 1332 3905 spectaculum,
1357 3842 1423 3891 nihil
1447 3850 1526 3893 autem

394 3923 441 3969 tibi
457 3922 514 3968 botai
530 3920 709 3981 quitattacto.
743 3917 772 3967 Si
784 3920 865 3966 cirtae
875 3935 939 3969 com·
980 3921 1011 3967 ad
1028 3934 1082 3968 rem
1098 3921 1220 3984 pertinere
1236 3936 1273 3969 rs.
1288 3920 1329 3969 27.
1357 3921 1399 3970 Ita
1418 3922 1527 3971 homine

393 4001 541 4064 plecteretur
563 3997 638 4046 simul
654 3997 799 4055 utilitatem,
821 3999 939 4048 Horatius
981 3999 1059 4064 vulgo
1076 4008 1176 4064 stupent
1192 4001 1218 4048 in
1229 4000 1388 4064 falportbue,
1409 4001 1455 4065 qui
1476 4000 1527 4051 nnl-

395 4081 498 4128 lortassc
525 4078 675 4141 scripsisset:
708 4079 779 4136 Quae
806 4082 890 4127 cirtae
915 4087 940 4128 et
979 4079 1027 4128 lius
1043 4081 1117 4143 pretii
1133 4088 1199 4129 sunt.
1227 4081 1261 4129 Et
1277 4080 1324 4129 hoc
1340 4082 1458 4130 convenit
1473 4096 1527 4130 erun

393 4165 491 4222 qrcorrta
508 4159 601 4207 bantini
616 4160 651 4206 ait
667 4159 749 4206 vicere
764 4173 850 4220 parco.
888 4158 939 4206 Ho·
980 4160 1063 4208 animo
1074 4161 1156 4222 sulcia
1173 4162 1272 4213 acclini.
1297 4160 1526 4225 epist.11.1.187.

393 4248 440 4288 rat.
450 4254 512 4287 mox
524 4254 559 4286 vs.
570 4239 611 4290 72.
628 4239 716 4286 cariae
732 4253 772 4285 rea
788 4240 824 4286 Ut
835 4243 941 4286 noceant
985 4241 1077 4290 Verum
1101 4243 1193 4303 equitia
1218 4257 1313 4305 quoque
1337 4243 1391 4290 iam
1411 4243 1528 4307 mipraait

394 4322 493 4369 tantini.
528 4316 602 4368 Ovid.
626 4317 703 4365 Trist.
720 4315 755 4364 V.
778 4330 804 4364 v.
825 4317 866 4365 25.
893 4319 941 4365 Nil
980 4324 1012 4370 ab
1032 4338 1094 4371 aare
1114 4324 1231 4385 voluptas
1259 4324 1348 4371 Omna
1368 4324 1404 4372 ud
1422 4324 1528 4373 lacertos

394 4401 489 4448 tantini
517 4406 614 4447 certum
642 4402 687 4444 eat.
731 4395 862 4444 Phaedrus
890 4397 939 4446 IV.
980 4403 1061 4450 oculos
1077 4407 1102 4450 et
1118 4403 1212 4463 pendia
1229 4417 1303 4451 cana.
1336 4400 1434 4451 Seneca
1450 4400 1527 4466 Epist

394 4491 443 4526 xrr.
461 4479 482 4526 l.
510 4478 608 4526 Utilius
623 4477 689 4524 nibil
703 4478 941 4539 certaminiqaam
980 4479 1020 4527 et.
1053 4482 1095 4527 Via
1108 4483 1185 4540 scire,
1202 4479 1528 4544 quamsalcaeoculceteoc

395 4564 462 4607 recte
479 4560 554 4620 loqui.
981 4561 1074 4622 decipit
1084 4559 1193 4622 salpae?
1227 4562 1303 4609 Ntttt
1324 4566 1363 4610 eat
1384 4562 1445 4610 latia
1461 4561 1529 4624 (auro

428 4639 481 4686 Nec
503 4651 572 4686 ceeia
594 4638 633 4685 liic
654 4650 735 4685 caneo
751 4642 801 4695 eat,
818 4639 862 4685 aed
878 4653 943 4699 quoe
982 4644 1006 4685 et
1028 4638 1153 4701 argento),
1175 4640 1297 4702 quottidie
1317 4654 1402 4689 mem
1422 4646 1448 4690 et
1464 4643 1528 4691 aava

392 4717 638 4778 proecepitofellus.
655 4714 941 4777 CogitavitGraccailla,
984 4718 1040 4764 luta
1057 4732 1128 4767 coeno
1144 4732 1190 4766 aaa
1206 4720 1301 4777 iacent,
1313 4716 1425 4779 foedius.
