3750 5759
808 695 990 762 LIBER
1037 698 1061 764 Ι.
1456 704 1498 768 45

410 875 542 941 Praeter
562 894 656 957 eum,
674 873 730 958 qui
749 875 884 959 praebet
904 897 1034 960 aquam:
1051 881 1128 960 post
1146 877 1232 943 hunc
1249 901 1376 965 quoque
1389 885 1497 966 potus,

410 978 554 1044 Condita
575 998 677 1063 quum
700 999 799 1043 verax
823 978 928 1063 aperit
951 978 1140 1063 praecordia
1164 980 1269 1047 Liber.

410 1083 475 1149 Hic
498 1082 560 1148 tibi
583 1081 686 1148 cornis
711 1087 744 1148 et
767 1082 911 1148 urbanus
936 1082 1083 1168 liberque
1105 1084 1254 1168 videtur,

408 1186 535 1252 Infesto
557 1184 680 1270 nigris:
705 1207 765 1271 ego
789 1184 818 1250 si
840 1185 914 1269 risi,
940 1187 1027 1270 quod
1050 1185 1181 1273 ineptus

409 1288 567 1354 Pastillos
591 1288 735 1354 Rufillus
759 1288 845 1372 olet,
871 1287 1058 1374 Gargonius
1082 1289 1229 1375 hircum,

409 1391 546 1457 Lividus
570 1397 604 1457 et
626 1391 764 1458 mordax
786 1391 898 1457 videor
921 1391 1008 1457 tibi?
1055 1392 1181 1459 Mentis
1205 1395 1233 1460 si
1258 1419 1321 1482 qua

408 1496 459 1562 De
483 1494 664 1582 Capitolini
686 1494 784 1560 furtis
807 1495 929 1561 iniecta
952 1495 1066 1561 Petilli

410 1602 453 1666 Te
476 1621 585 1666 coram
607 1597 724 1682 fuerit,
749 1598 922 1682 defendas,
946 1603 985 1664 ut
1008 1605 1085 1666 tuus
1109 1608 1160 1668 est
1182 1626 1271 1671 mos:

409 1704 489 1790 „Me
513 1703 720 1790 Capitolinus
744 1703 928 1769 convictore
952 1726 1031 1769 usus
1056 1705 1225 1794 amicoque

410 1809 466 1894 „A
486 1829 588 1895 puero
611 1812 677 1892 est,
701 1829 863 1895 causaque
885 1829 960 1874 mea
982 1811 1147 1895 permulta
1167 1819 1301 1899 rogatus

410 1912 529 1997 „Fecit
536 1961 545 1997 ,
569 1917 603 1978 et
625 1911 817 1995 incolumia,
840 1912 959 1996 laetor,
984 1915 1072 1999 quod
1095 1915 1179 1982 vivit
1201 1917 1237 1982 in
1259 1919 1353 1993 urbe:

411 2017 501 2102 „Sed
523 2021 635 2082 tamen
658 2014 821 2099 admiror,
847 2037 911 2102 quo
934 2022 1031 2102 pacto
1054 2017 1214 2085 iudicium
1237 2021 1322 2088 illud

411 2119 607 2206 „Fugerit.“
656 2117 721 2185 Hic
743 2118 857 2206 nigrae
880 2141 997 2186 succus
1021 2120 1187 2208 loliginis,
1211 2125 1290 2191 haec
1314 2133 1365 2193 est

410 2224 542 2310 Aerugo
565 2245 669 2289 mera:
695 2223 782 2309 quod
805 2222 925 2289 vitium
949 2225 1062 2311 procul
1086 2226 1174 2292 afore
1196 2228 1318 2295 chartis

411 2329 521 2414 Atque
544 2327 656 2393 animo
677 2327 785 2413 prius,
810 2332 848 2392 ut
871 2327 900 2392 si
923 2328 1003 2414 quid
1026 2331 1216 2415 promittere
1240 2333 1280 2398 de
1302 2356 1355 2400 me

412 2433 552 2498 Possum
576 2430 667 2496 aliud
689 2452 782 2515 vere,
806 2431 973 2517 promitto.
1022 2433 1171 2501 Liberius
1196 2436 1225 2501 si

411 2535 534 2601 Dixero
557 2533 653 2621 quid,
678 2533 707 2600 si
729 2534 813 2600 forte
834 2534 993 2619 iocosius,
1018 2535 1078 2602 hoc
1101 2537 1186 2602 mihi
1208 2539 1288 2606 iuris

413 2639 498 2706 Oum
520 2638 617 2704 venia
640 2637 742 2704 dabis.
791 2637 941 2704 insuevit
962 2643 1056 2725 pater
1079 2641 1223 2727 optimus
1246 2644 1308 2710 hoc
1331 2669 1385 2712 me

411 2743 461 2809 Ut
482 2743 649 2829 fugerem,
672 2741 832 2832 exemplis
854 2742 1011 2808 vitiorum
1036 2748 1182 2832 quaeque
1205 2749 1358 2815 notando.

367 2964 435 3029 quis,
456 2981 481 3015 v.
503 2981 523 3016 e
541 2967 568 3015 in
584 2966 676 3016 Plauto
692 2967 762 3016 Pers.
779 2967 801 3015 I.
818 2980 858 3015 111.
876 2967 916 3016 52.
957 2965 1110 3028 Doeringius
1135 2973 1163 3015 ut
1180 2965 1283 3016 evitaret
1305 2968 1393 3015 duram
1410 2974 1435 3016 et
1451 2982 1503 3016 mo-

367 3047 415 3095 Me
430 3051 460 3094 ut
477 3048 610 3110 qaisquam
631 3049 713 3106 norit,
735 3048 786 3096 nisi
807 3047 852 3095 tlte
873 3047 919 3108 qui
957 3046 1046 3095 lostam
1063 3046 1195 3095 uerborum
1216 3046 1416 3109 collocationem,
1437 3048 1504 3111 lege-

365 3128 471 3189 prcrebet
495 3128 593 3176 eitum?
623 3125 703 3175 omitti
728 3139 799 3189 posse
823 3127 919 3184 utam,
958 3127 1011 3175 bat:
1036 3129 1076 3185 id,
1101 3129 1124 3175 α’
1149 3129 1223 3190 quid,
1257 3142 1302 3191 pro
1328 3132 1357 3176 ct
1384 3129 1407 3177 st
1436 3130 1504 3190 quid.

367 3205 531 3264 contenderet,
540 3205 563 3254 ei
571 3204 674 3254 minime
682 3205 840 3268 refragraret.
852 3206 919 3254 Nam
959 3204 1067 3264 Omnia,
1092 3207 1178 3264 eredo,
1203 3207 1284 3269 magis
1306 3212 1364 3254 sunt
1389 3205 1456 3254 clare
1481 3213 1506 3254 et

369 3291 394 3333 et
409 3284 490 3333 multa
511 3286 542 3334 de
559 3291 680 3348 apparatu
697 3299 788 3334 menae
804 3286 919 3348 opiparae
958 3285 1065 3342 Latina,
1090 3285 1126 3333 sie
1152 3292 1281 3348 concepta:
1316 3287 1391 3344 Quod
1415 3286 1506 3333 attium

368 3364 507 3413 antedicta
528 3372 598 3424 sunt,
623 3371 648 3413 et
672 3364 794 3427 parasitus
820 3363 920 3414 Saturio
957 3365 1047 3424 procul
1063 3365 1135 3426 osore
1151 3366 1249 3413 chartis
1271 3367 1317 3413 Ea
1333 3367 1417 3414 autore
1431 3365 1506 3426 prius

369 3444 663 3509 loquitur,quiverbum
674 3448 777 3508 praebet
790 3452 862 3507 gestu
875 3458 917 3492 ex·
959 3447 997 3498 et,
1022 3443 1044 3490 rt
1066 3444 1129 3505 quid
1147 3444 1296 3504 promtttere
1321 3446 1351 3492 de
1376 3458 1414 3491 rue
1442 3446 1505 3492 Poe·
1547 3438 1552 3453 “

369 3523 461 3587 plicare
478 3531 567 3588 posset.
600 3524 701 3573 Terent.
718 3523 822 3573 Phorm.
840 3524 918 3573 II.11.
960 3537 1031 3582 aaut,
1057 3523 1123 3570 illud
1147 3537 1203 3570 vere
1224 3525 1357 3584 promitto.
1394 3521 1422 3571 Si
1446 3522 1505 3584 quid

369 3605 411 3656 30.
439 3606 919 3668 Haecquumrartenemtneaaqaam
960 3616 1060 3666 possum
1082 3603 1112 3651 de
1134 3616 1173 3651 me
1195 3602 1351 3665 promittere,
1379 3603 1448 3666 prius
1474 3617 1505 3651 ex

370 3687 424 3734 sint
443 3687 535 3734 anama
555 3691 580 3733 et
601 3700 678 3747 quam
698 3700 760 3733 cora
784 3686 849 3741 siret,
876 3685 919 3732 Εα
961 3682 1044 3730 enimc
1075 3688 1099 3730 et
1124 3695 1183 3730 vere
1212 3682 1276 3730 illud
1301 3683 1430 3746 promitto,
1459 3682 1506 3730 hoc

370 3766 544 3828 puiproebet,
560 3765 832 3814 nontuhunchabeos
841 3765 920 3826 plane
961 3761 1050 3810 ritium
1075 3761 1160 3824 procul
1183 3777 1198 3810 a
1223 3761 1314 3810 chartis
1339 3761 1414 3811 afore.
1451 3763 1507 3810 Hoc

368 3850 526 3907 praesentem
538 3845 638 3893 Deum?
658 3844 691 3895 In
702 3843 740 3892 his
750 3856 848 3907 quoque
860 3844 920 3893 haec
961 3842 1038 3905 prius,
1047 3849 1104 3890 onte
1117 3842 1202 3891 omnia
1212 3842 1343 3905 promitto:
1361 3843 1449 3891 deinde
1465 3857 1506 3906 po-

371 3930 396 3972 et
411 3938 442 3970 ea
458 3922 543 3972 abesse
559 3928 678 3985 poterant.
961 3921 1039 3981 stolo,
1057 3928 1097 3980 ut,
1114 3923 1135 3970 si
1152 3922 1212 3985 quid
1229 3921 1333 3971 liberius
1344 3923 1444 3982 dixero,
1461 3922 1508 3970 hoc

407 4004 483 4062 Quod
498 4003 591 4050 vitium
613 4003 704 4064 procul
728 4002 800 4064 afore
823 4002 920 4050 chartis
961 4001 1024 4050 mihi
1040 4002 1164 4050 concedas.
1187 4003 1232 4050 Εα
1249 4005 1332 4051 orioro
1346 4009 1371 4051 et
1387 4019 1442 4052 oere
1453 4017 1507 4066 pro

373 4082 458 4145 Atque
474 4083 558 4130 animo
572 4083 655 4144 prius.
677 4080 855 4138 Declaramus,
872 4087 919 4129 tes·
961 4080 1045 4138 mitto,
1068 4086 1096 4129 ut
1119 4080 1220 4129 Terent.
1245 4079 1360 4129 Eunuch.
1382 4081 1403 4129 I.
1421 4095 1450 4129 11.
1468 4080 1508 4129 95.

373 4169 457 4209 tamur
482 4160 572 4209 vitium
602 4159 702 4222 aliquod
727 4161 811 4209 animo
835 4167 921 4208 nostro
966 4158 1073 4208 Utinam
1097 4159 1165 4207 trtrrc
1191 4159 1293 4207 eertum
1318 4174 1349 4208 err
1374 4160 1457 4207 animo
1478 4173 1509 4206 ae

373 4239 528 4298 oberrares
545 4239 606 4288 vitio
623 4239 708 4302 aliquo
724 4253 774 4287 non
795 4238 919 4296 laborare,
961 4253 1017 4287 cere
1041 4239 1140 4286 dicerer.
1173 4236 1266 4285 Catuli.
1292 4235 1376 4286 Carm.
1405 4237 1458 4286 106.
1484 4238 1508 4286 3.

374 4333 402 4367 ac
418 4326 548 4382 propterea
572 4317 635 4366 illud
657 4333 708 4366 non
724 4319 751 4366 in
767 4318 838 4367 libris
853 4321 920 4383 fore.
964 4318 1100 4381 Dtruoqm‘
1115 4317 1213 4379 facite,
1237 4323 1267 4365 ut
1289 4332 1346 4366 vere
1358 4320 1510 4379 promittere

374 4399 408 4448 Et
425 4398 486 4447 vitio
501 4412 630 4462 possumus
645 4397 771 4455 laborare,
787 4404 813 4446 ot
834 4410 922 4445 cavere
961 4400 1052 4460 possit,
1070 4396 1154 4459 Atque
1170 4398 1198 4444 td
1220 4398 1316 4446 sturm
1335 4399 1418 4456 dicat,
1438 4405 1510 4447 etex

374 4494 406 4528 ne
422 4479 446 4528 in
464 4479 535 4528 libris
551 4477 725 4541 conspicietur.
754 4478 921 4540 Interpretan-
963 4477 1061 4525 ociore!

374 4567 426 4609 tur:
441 4562 530 4624 prius,
547 4559 627 4622 magis
644 4558 740 4616 animo,
757 4573 833 4621 quam
849 4559 921 4606 ohar-
997 4552 1147 4602 Doderlinus
1163 4567 1207 4616 per
1227 4553 1421 4618 Brachylogiam
1437 4556 1510 4604 inter-

377 4641 425 4698 ιω
450 4653 509 4688 nam
534 4639 583 4687 nisi
607 4638 676 4701 prius
701 4637 785 4685 animo
805 4642 923 4698 concepta
963 4639 1086 4698 pretatur:
1111 4645 1170 4682 vere
1194 4633 1310 4696 promitto
1332 4640 1360 4682 ut
1376 4634 1511 4698 quidquem

376 4717 408 4766 sit
428 4717 536 4777 molitio,
558 4719 584 4766 in
609 4716 701 4766 chartis
718 4731 769 4764 non
786 4716 845 4774 erit,
862 4721 923 4764 caet.
964 4712 1078 4771 aliud‚si
1094 4713 1153 4777 quid
1161 4713 1303 4776 promittere
1316 4714 1346 4763 de
1354 4728 1394 4763 me
1403 4729 1511 4777 possum.
