3750 5759
434 691 495 753 138
820 683 1170 752 SATIRARUM

475 872 616 938 Massica
638 873 667 937 si
691 871 779 936 coelo
803 894 965 958 suppones
989 873 1066 937 vina
1089 892 1218 951 sereno,

474 976 658 1058 Nocturna,
683 975 712 1040 si
735 973 814 1058 quid
836 975 936 1040 crassi
960 981 1025 1057 est,
1050 972 1238 1039 tenuabitur
1261 992 1359 1051 aura,

475 1078 521 1143 Et
543 1078 674 1144 decedet
697 1077 775 1142 odor
797 1079 904 1144 nervis
928 1078 1099 1154 inimicus3
1124 1081 1159 1141 at
1182 1074 1240 1139 illa

474 1183 644 1268 lntegrum
666 1181 808 1267 perdunt
830 1182 899 1247 lino
921 1181 1040 1247 vitiata
1062 1201 1218 1265 saporem.

477 1285 669 1351 Surrentina
690 1285 780 1350 vafer
803 1285 859 1370 qui
881 1285 998 1351 miscet
1021 1285 1109 1349 faece
1132 1283 1272 1348 Falerna

475 1389 580 1472 Vina,
604 1389 792 1455 columbino
815 1389 934 1455 limum
956 1390 1038 1454 bene
1060 1387 1188 1472 colligit
1211 1407 1282 1467 ove,

477 1492 644 1571 Quatenus
667 1492 735 1558 ima
753 1492 839 1579 petit
863 1493 997 1558 volvens
1020 1491 1126 1557 aliena
1148 1488 1290 1555 vitellus.

475 1594 581 1661 Tostis
599 1601 798 1662 marcentem
816 1596 946 1681 squillis
966 1595 1123 1662 recreabis
1142 1598 1176 1659 et
1196 1592 1278 1658 Afra

477 1699 631 1764 Potorem
651 1700 795 1764 cochlea:
820 1722 898 1764 uam
916 1700 1044 1764 lactuca
1065 1699 1194 1763 innatat
1216 1695 1282 1762 acri

477 1802 558 1867 Post
580 1803 695 1868 vinum
718 1802 902 1881 stomach03
927 1825 1028 1888 perna
1048 1801 1155 1886 magis
1178 1823 1214 1866 ac
1235 1799 1340 1885 magis
1359 1796 1450 1861 hillis

477 1905 626 1991 Flagitat
644 1905 820 1972 immersus
843 1906 949 1983 refici3
975 1906 1055 1991 quin
1078 1904 1189 1971 omnia
1208 1903 1320 1985 malit,

467 2079 536 2126 Num
560 2080 661 2126 lactuca
686 2081 789 2126 innatat
814 2079 870 2127 acri
912 2080 976 2126 Post
1016 2077 1131 2139 Propert.
1148 2076 1199 2124 III.
1216 2089 1253 2123 vr.
1270 2074 1310 2123 21.
1329 2077 1561 2134 Inruorsoaequc·

432 2161 517 2206 vinum
541 2159 673 2206 storrccbo.
706 2156 784 2205 Medo
807 2163 919 2219 potorem
936 2172 977 2219 sp
1018 2160 1051 2204 tes
1068 2157 1172 2204 videant
1190 2169 1244 2203 crea
1257 2155 1439 2202 autumatio.
1458 2150 1569 2215 Sicplu·

432 2236 534 2300 pellavit
558 2243 715 2285 marcentem.
756 2237 844 2295 Hunc,
869 2235 916 2293 ait,
939 2248 977 2282 re·
1017 2236 1082 2283 rima
1099 2233 1176 2284 MSS.
1200 2232 1319 2281 Heinsius
1337 2231 1421 2279 etalii
1437 2229 1570 2280 malebant

432 2315 525 2364 creabis
547 2315 645 2378 squillis
668 2321 692 2362 et
713 2314 778 2363 Afra
794 2314 899 2363 cochlea.
932 2314 977 2362 Di·
1018 2317 1139 2363 imrnorso.
1173 2313 1233 2363 Sina
1249 2327 1342 2362 caussa.
1377 2312 1443 2360 Nam
1463 2313 1569 2359 videant

433 2407 515 2442 cerem
543 2400 568 2442 et
588 2397 700 2452 iactare,
725 2396 769 2443 sed
796 2410 826 2443 ea
851 2393 978 2442 stomacho
1019 2410 1073 2442 mea
1089 2396 1193 2442 uulnera
1209 2395 1237 2440 ia
1253 2395 1315 2442 cotio
1331 2405 1409 2440 nrorso
1426 2396 1451 2437 et
1468 2396 1570 2437 senteu-

432 2473 483 2520 scri
499 2473 592 2536 potoris
609 2473 712 2522 innatat.
738 2473 857 2524 Mamers
879 2482 904 2522 et
919 2489 978 2522 acer
1018 2472 1067 2521 tiae
1092 2479 1116 2521 et
1140 2471 1272 2521 Latinitati
1288 2478 1340 2518 tam
1357 2469 1458 2532 pulchre
1476 2482 1567 2517 conve·

433 2566 466 2599 sn
480 2559 548 2600 recte
565 2554 600 2601 sic
608 2554 791 2617 coniungantur
800 2554 894 2612 dubita,
903 2553 979 2602 etiam
1019 2552 1064 2609 nit,
1081 2559 1116 2609 ut,
1134 2552 1155 2598 si
1171 2552 1197 2599 in
1214 2549 1327 2598 omnibus
1344 2547 1422 2598 MSS.
1438 2547 1570 2609 legeretur

433 2632 455 2680 si
472 2648 531 2680 acer
547 2633 687 2696 significare
708 2640 790 2696 posset
813 2648 870 2682 acer
879 2634 980 2694 fuctus,
1020 2634 1147 2688 intercurso,
1165 2630 1419 2695 equidemlegaudum
1430 2627 1569 2677 iudicarem

434 2713 486 2761 scri
501 2713 606 2762 humore
627 2714 738 2763 affectus.
762 2714 883 2762 Marcerrs
900 2711 980 2770 aliud,
1020 2713 1141 2760 incurso.
1159 2709 1251 2760 Statius
1263 2708 1341 2758 Theb.
1353 2707 1403 2756 III.
1419 2707 1477 2755 628.
1495 2710 1570 2756 Dum

433 2792 553 2850 similius,
569 2793 718 2857 postularet,
735 2808 759 2840 v,
771 2806 792 2840 c.
810 2790 905 2840 lassum
918 2827 925 2849 ,
937 2806 978 2838 ce·
1020 2792 1121 2850 cbrrrrct,
1138 2793 1205 2840 subit
1221 2805 1263 2838 ore
1279 2804 1338 2838 caco
1358 2789 1569 2837 Tbeumesiaccr·

434 2887 520 2933 prum:
537 2873 581 2920 sed
597 2872 697 2920 Horatii
713 2871 891 2920 esseconiicio:
910 2862 980 2918 Nam
1021 2885 1076 2917 aas.
1115 2872 1169 2920 Nec
1199 2871 1331 2932 probibeat
1348 2866 1456 2929 fauces,
1483 2873 1568 2916 trans·

435 2953 535 3000 lactuca
558 2954 661 2999 innrrtat
693 2952 761 2999 acris
802 2953 868 2998 Post
892 2952 980 2997 vinam
1021 2952 1099 2996 risisse
1116 2954 1194 2997 morte
1210 2965 1256 3010 per
1272 2953 1351 2995 artus.
1385 2947 1507 3002 Labitur,
1521 2947 1568 2995 im-

433 3031 568 3078 stomacbo.
597 3027 743 3078 Stomachus
760 3028 852 3091 potoris
868 3041 980 3074 marcam
1022 3045 1150 3092 morsuque
1164 3032 1254 3078 cadens
1267 3027 1391 3076 obrrutait
1404 3028 1487 3075 busta.
1504 3025 1569 3087 Quis

435 3108 583 3155 recreandus
609 3114 646 3154 est
662 3107 734 3155 rebus
759 3107 843 3164 salsis,
864 3106 980 3153 adderem
1021 3122 1071 3157 non
1092 3109 1159 3157 videt
1186 3115 1278 3172 quanto
1306 3106 1443 3169 elegantius
1468 3106 1514 3154 sit:
1538 3109 1569 3154 irs

435 3194 461 3234 et
477 3189 586 3245 acribus,
603 3193 632 3233 ut
649 3200 705 3234 v.c.
722 3187 826 3246 lactuca,
843 3186 927 3234 sedes
945 3186 980 3233 iu·
1021 3203 1151 3252 morsuque
1167 3192 1256 3238 caderes
1272 3189 1395 3237 obmutuit
1407 3188 1491 3235 busta.
1516 3184 1568 3246 Qui

436 3272 505 3314 natat
521 3266 660 3325 stomacho,
686 3266 729 3329 qui
750 3267 831 3328 potius
858 3265 981 3313 ferventia
1021 3267 1155 3326 clamabat,
1177 3267 1300 3315 obmutuit
1323 3267 1350 3314 iu
1374 3280 1459 3315 rrrcrsa
1481 3267 1569 3324 busta,

436 3353 519 3404 amat,
545 3361 619 3410 quarn
644 3345 765 3394 lactucam
790 3352 815 3394 et
836 3345 884 3393 alis
907 3344 980 3392 huius
1021 3350 1081 3396 dum
1097 3348 1194 3396 hastam
1211 3346 1350 3402 mordebat,
1367 3347 1394 3393 in
1409 3358 1495 3392 morsu
1511 3345 1568 3392 has·

436 3425 540 3488 generis.
553 3427 600 3483 Ea,
611 3432 671 3474 uret
678 3425 766 3489 rapula
774 3434 798 3474 et
815 3426 916 3484 radices,
933 3424 980 3473 las·
1021 3434 1069 3485 tae,
1085 3430 1266 3476 iniruarmurct
1282 3429 1371 3474 bastae
1386 3427 1529 3482 admorsae,
1539 3432 1569 3472 ut

436 3521 492 3554 sum
522 3506 622 3569 quidem
647 3506 799 3554 stomachum
827 3505 979 3568 pervellunt,
1021 3515 1059 3556 ost
1069 3507 1135 3569 apud
1147 3505 1236 3555 Silium
1245 3505 1279 3554 V.
1296 3505 1352 3555 331.
1369 3503 1464 3566 virgil.
1474 3501 1568 3564 Georg.

437 3585 511 3635 Satir.
527 3587 563 3635 Π.
586 3600 645 3634 vm.
671 3587 699 3642 7,
717 3587 760 3634 scd
782 3599 833 3632 non
857 3593 912 3647 post
944 3584 980 3631 ri·
1022 3587 1070 3637 IV.
1087 3585 1144 3634 236.
1162 3586 1223 3632 Illis
1240 3586 1282 3632 ira
1303 3585 1402 3633 modam
1423 3598 1504 3645 supra
1520 3589 1568 3640 est,

437 3680 505 3714 num.
1022 3669 1149 3728 laesaeque
1159 3679 1278 3713 cenerum
1294 3661 1421 3711 Mortibus
1430 3665 1570 3725 inspirant,

469 3744 632 3793 Dodarlinus:
664 3744 755 3803 „Edidi
783 3757 815 3790 ex
842 3743 982 3791 coniectura
1021 3752 1047 3795 et
1068 3747 1165 3807 spicula
1190 3759 1260 3793 coeca
1280 3745 1441 3806 relinquant,
1464 3743 1570 3804 efficere

437 3837 494 3870 mes
509 3827 593 3885 ceris,
615 3837 660 3886 pro
676 3826 739 3871 ucri.
773 3821 848 3871 Satir.
869 3821 905 3870 H.
921 3836 981 3872 vm.
1022 3826 1102 3883 omis,
1126 3824 1273 3884 crimusque
1294 3824 1322 3870 iu
1341 3825 1443 3871 calciare
1463 3828 1569 3885 ponuat.

438 3904 462 3954 7.
490 3902 633 3950 confirmat:
659 3904 732 3951 acria
750 3904 846 3951 circam
864 3903 981 3964 Raparia,
1022 3903 1196 3954 Valer.Max.
1214 3901 1311 3950 111.1a
1330 3903 1367 3950 ll.
1391 3904 1466 3964 imque
1479 3903 1570 3964 plenae

437 3985 557 4040 bsctacce,
580 3983 688 4040 radices,
705 3984 792 4044 quotie
808 3984 901 4030 Iussum
919 3984 982 4030 Per·
1023 3984 1126 4032 ultionis
1143 3983 1264 4030 morsibus
1284 3982 1413 4042 aspiravit.
1448 3980 1480 4029 In
1502 3980 1568 4031 Vell.

437 4063 533 4111 veliunt
554 4062 717 4110 stomachum.
750 4059 816 4120 Quid
838 4060 905 4108 enim
926 4064 983 4110 acri
1022 4061 1154 4112 Paterculo
1165 4061 1216 4110 ΠΙ.
1228 4060 1268 4113 87.
1301 4059 1443 4123 Cleopatra,
1449 4061 1567 4124 frustra·

436 4142 578 4190 stomacho?
601 4139 641 4188 Eo
657 4138 743 4187 melius
760 4147 813 4188 erat
828 4141 917 4187 iassc.“
1023 4145 1057 4192 tis
1065 4143 1405 4204 custodibuaillctccspide,
1416 4156 1569 4191 morsuram

470 4221 559 4268 Perua
574 4222 655 4281 crepis
672 4234 702 4268 uc
718 4221 798 4282 mauis
819 4220 888 4266 billis
922 4220 982 4266 Fic-
1022 4224 1082 4278 eius,
1098 4237 1188 4284 expers
1204 4222 1333 4270 muliebris
1349 4222 1567 4283 auctaaspiritum

438 4300 507 4360 pitut
523 4300 657 4346 immersus
672 4297 750 4361 refici.
783 4296 837 4346 Alii
853 4296 941 4359 legunt
956 4299 983 4346 irs
1023 4302 1148 4350 reddidit:
1165 4300 1331 4350 Ruhnkenius
1348 4300 1425 4350 verba
1440 4315 1497 4349 cum
1507 4301 1566 4350 Aci-

438 4393 541 4426 morsas.
574 4375 701 4426 Bentleius
725 4384 810 4424 tuetur
837 4379 983 4433 immersus,
1022 4380 1087 4429 dalio
1103 4381 1255 4443 transponit,
1272 4395 1357 4429 nwrsu
1374 4382 1433 4438 sius,
1450 4396 1511 4429 sanc
1526 4395 1565 4429 cs·

438 4457 484 4505 hoc
501 4464 546 4516 est,
571 4458 714 4516 cdmsrsus,
733 4458 872 4514 densorum,
889 4463 918 4504 ut
934 4466 982 4506 sto·
1020 4476 1093 4522 pers,
1115 4467 1140 4508 et
1156 4463 1183 4507 in
1200 4468 1256 4508 ante
1273 4475 1368 4517 nurus,
1390 4462 1456 4523 quod
1473 4468 1526 4508 erat
1541 4461 1565 4508 iu

437 4537 541 4585 machus
557 4534 616 4584 cibis
633 4534 767 4583 acrioribus
783 4535 921 4594 vellicatus,
939 4550 981 4584 ex·
1022 4538 1084 4587 libro
1101 4545 1213 4598 vetusto,
1230 4539 1300 4587 eiicit.
1334 4539 1391 4601 Ego
1408 4553 1464 4588 cum
1476 4539 1565 4588 Vossio

438 4616 525 4663 citatus
551 4615 631 4663 brerit.
665 4615 741 4664 Recte
757 4615 876 4677 profecto,
899 4617 920 4664 si
936 4630 982 4680 pro
1023 4623 1048 4665 et
1064 4618 1166 4667 Heinsio
1183 4633 1287 4668 servem.
1309 4616 1441 4681 Cleopatra
1452 4620 1562 4683 spiritum

438 4689 575 4746 immersus
593 4695 680 4744 idonea
707 4703 814 4745 emtaret
841 4698 980 4747 auctoritas.
1023 4697 1126 4747 reddidit
1142 4701 1169 4748 ic
1186 4714 1269 4748 morsa
1286 4697 1388 4761 aspidis,
1405 4701 1464 4748 dum
1481 4700 1512 4748 ab
1528 4714 1563 4747 as·
