3750 5759
813 611 1003 729 nisan
1041 665 1065 727 1.

417 847 600 913 Malthinus
625 847 746 913 tunicis
770 847 922 913 demissis
947 848 1114 913 ambulat:
1140 850 1269 934 estqui

417 953 545 1037 Inguen
569 952 610 1016 ad
634 952 831 1016 obscoenum
856 951 1026 1017 subductis
1050 974 1153 1038 usque
1177 952 1319 1018 facetus:

417 1055 574 1122 Pastillos
600 1056 742 1122 Rufillus
767 1057 849 1138 olet,
875 1057 1061 1142 Gargonius
1085 1059 1222 1123 hircum.

394 1155 472 1223 'Nil
495 1160 641 1224 medium
665 1166 724 1225 est.
774 1159 876 1243 Sunt,
901 1160 958 1246 qui
981 1161 1091 1228 nolint
1114 1162 1264 1248 tetigisse
1289 1163 1354 1228 nisi
1372 1163 1462 1246 illas,

417 1262 563 1343 Quiarum
587 1266 725 1332 subsuta
748 1266 833 1331 talos
857 1272 950 1352 tegat
972 1267 1090 1333 instita
1111 1274 1215 1347 veste3

416 1368 539 1435 Contra
562 1370 648 1436 alius
672 1370 800 1436 nullam
823 1370 889 1436 nisi
912 1370 1015 1436 olenti
1038 1371 1073 1437 in
1097 1372 1220 1438 fornice
1243 1379 1395 1439 stantem.

415 1471 557 1551 Quidam
579 1480 678 1541 notus
702 1475 800 1541 homo
824 1496 926 1560 quum
950 1475 1053 1542 exiret
1075 1477 1213 1561 fornice,
1243 1478 1373 1560 „Macte

414 1576 569 1658 „Virtute
591 1581 701 1661 esto‚“
725 1578 835 1664 inquit
857 1580 1021 1645 sententia
1044 1581 1099 1647 dia
1122 1580 1271 1647 Catonis:

402 1745 557 1794 Malthiuue.
599 1746 636 1795 Ut
660 1745 806 1808 plerumque
835 1745 864 1792 lit
889 1745 915 1792 in
958 1748 995 1794 tiu
1012 1748 1057 1796 diu
1068 1747 1180 1798 Catonis.
1207 1748 1282 1808 Sunt,
1299 1747 1343 1810 qui
1359 1747 1508 1795 sententium

366 1822 432 1871 lictis
449 1823 591 1874 huiusmodi
608 1824 762 1881 nominihus,
774 1824 843 1873 varie
856 1825 915 1872 scri-
960 1826 1065 1875 Cutonis
1081 1827 1273 1891 interpretentur
1284 1828 1368 1888 ipsum
1377 1824 1507 1874 Catonern,

368 1903 447 1952 bitur:
474 1905 636 1962 Matutinus,
654 1906 824 1962 Matctimus,
848 1905 917 1952 Mei·
957 1905 984 1953 ut
1001 1907 1083 1954 uirtus
1102 1907 1222 1965 Catonis,
1247 1905 1353 1960 similia,
1380 1911 1404 1952 et
1420 1905 1507 1952 adum

368 1985 465 2042 chinus,
476 1984 614 2034 Maltinus.
626 1981 826 2034 Commentator:
836 1983 917 2042 „Mul
956 1984 1055 2033 brutum
1072 1992 1159 2048 putent
1180 2001 1212 2034 cx
1232 1985 1333 2034 Lucilio
1353 1986 1440 2032 Valeri
1456 1998 1508 2032 sen-

368 2063 433 2111 thini
449 2065 551 2114 nomine
573 2066 674 2128 quidam
692 2065 867 2114 Maecenatem
886 2064 917 2112 si·
958 2067 1039 2113 tentia
1064 2067 1123 2114 diu:
1149 2065 1185 2112 ita
1211 2064 1261 2112 iam
1288 2065 1375 2113 Dousa
1398 2062 1455 2111 fecit
1476 2064 1508 2110 ad

367 2143 485 2204 gnificari
502 2144 674 2208 suspicantur:
692 2160 708 2192 a
724 2159 751 2193 re
769 2149 852 2192 autern
864 2144 918 2207 ipsa
958 2140 1079 2206 Sulpitiae
1089 2143 1198 2193 Setinum
1207 2144 1247 2193 48.
1269 2145 1336 2203 Quos
1344 2146 1412 2191 iuter
1423 2143 1509 2191 Prisci

367 2222 457 2270 fictum
481 2229 519 2271 est
534 2238 634 2272 nomeu.
661 2224 794 2288 μαλθακός
810 2223 877 2272 enim
894 2230 918 2271 et
957 2225 1083 2272 sententia
1103 2224 1148 2272 diu
1167 2224 1278 2272 Catonis.
1314 2222 1378 2283 Quis
1399 2221 1457 2283 seit,
1475 2235 1507 2268 un

366 2303 484 2365 μαλακός
497 2303 564 2352 idem
580 2310 618 2353 est
635 2305 702 2367 quod
718 2305 799 2353 mettis
815 2309 840 2351 et
856 2304 917 2352 deli·
957 2302 1072 2352 Lucilius
1094 2303 1129 2352 ita
1153 2303 1237 2367 ipsum
1257 2302 1390 2352 Valerium
1411 2300 1506 2362 signiti-

366 2385 463 2431 cutue.“
488 2383 608 2433 Fortasse
633 2384 659 2432 in
684 2396 729 2431 suo
750 2381 835 2431 codice
855 2382 918 2430 vidit
961 2383 1069 2433 caverit?
1103 2383 1171 2431 Nota
1187 2389 1225 2430 cst
1240 2381 1405 2445 periphrasis,
1418 2381 1444 2428 in
1457 2395 1507 2442 qua

368 2460 556 2511 Multtuciuua
602 2461 659 2511 Hoc
692 2462 780 2510 saltem
809 2460 918 2510 derivari
958 2462 1043 2511 Latini
1060 2462 1167 2511 Graecos
1184 2460 1324 2509 imitantur.
1350 2461 1405 2509 Iam
1414 2460 1506 2509 Home-

341 2568 343 2572 *
369 2544 469 2600 poterat
485 2555 501 2588 a
516 2541 660 2605 μαλθακός.
677 2542 713 2590 Et
729 2539 858 2599 Melicert
875 2546 913 2588 est
958 2557 1013 2591 rus:
1037 2541 1105 2605 ἱερὸν
1127 2539 1204 2605 μένος
1226 2538 1374 2588 Ἀλκινόοιο.
1407 2537 1457 2588 Sed
1480 2539 1505 2586 in

368 2632 461 2666 nomen
478 2617 625 2679 Comicum,
644 2622 713 2685 apud
729 2619 835 2669 Lucian.
852 2619 918 2668 Rhe·
958 2621 1072 2670 omnibus
1097 2619 1239 2668 huiusmodi
1263 2618 1383 2682 exemplis
1399 2617 1505 2676 indoles,

368 2698 554 2762 tor.Praecept.
574 2699 783 2764 lilipultastc
794 2705 918 2748 nonrecte
958 2701 1079 2758 conditio,
1101 2705 1191 2748 natura
1209 2699 1284 2747 totius
1301 2697 1409 2747 hominis
1425 2697 1497 2760 expri

372 2778 667 2839 formaturMulttinus,
685 2778 774 2828 utiam
789 2779 918 2829 Bentleius
958 2780 1041 2829 mitur.
1075 2780 1163 2829 Horat.
1181 2779 1256 2829 Satir.
1274 2778 1296 2827 Ι.
1309 2792 1349 2827 111.
1362 2779 1386 2828 3.
1418 2779 1506 2825 Virtus

369 2859 473 2907 censuit.
960 2858 1094 2923 Scipiadae
1123 2865 1148 2908 et
1174 2861 1246 2908 mitis
1274 2859 1403 2920 supientia
1425 2858 1506 2905 Lucii.

401 2941 453 2987 Est
469 2941 515 3002 qui
546 2941 645 3002 Iupuen
655 2943 691 2989 ud
703 2943 847 2990 obscoenum
863 2941 918 2987 sut·
959 2939 1143 2990 commentator
1160 2940 1191 2987 ad
1209 2938 1282 2988 Satir.
1300 2938 1321 2986 1.
1338 2952 1379 2986 111.
1397 2939 1422 2986 3.
1447 2936 1506 2994 „Li-

368 3020 453 3066 ductis
469 3032 548 3081 usque
558 3019 672 3082 facetus.
708 3017 827 3082 Suspicor
845 3016 919 3066 libra·
959 3019 1037 3067 cinius
1060 3026 1142 3067 autem
1165 3020 1196 3067 de
1214 3020 1374 3080 Hermogene
1389 3017 1505 3080 loquens,

368 3098 418 3146 rios
434 3097 518 3147 locum
536 3097 682 3162 corrupisse.
705 3097 789 3147 Multo
797 3104 863 3146 certe
872 3097 918 3146 ele·
959 3099 995 3148 sic
1011 3099 1060 3147 ait:
1084 3098 1163 3147 Sardi
1187 3099 1277 3160 Tiqelli
1291 3100 1413 3160 putidum
1429 3104 1508 3160 cupiit

369 3177 470 3238 gentius
496 3189 543 3239 pro
566 3182 604 3225 eet
630 3178 674 3239 qui
698 3190 789 3225 nomen
817 3175 918 3238 aliquod
959 3181 1044 3238 uenit3
1067 3177 1110 3225 ubi
1126 3179 1194 3226 uenit
1211 3183 1249 3226 est
1265 3177 1366 3241 perfecti
1383 3177 1506 3241 temporis.

368 3257 497 3320 proprium
514 3255 648 3319 legeretur,
665 3262 696 3303 ut
711 3255 833 3318 leguntur
850 3254 919 3303 Mul·
960 3257 1075 3309 Iuvenal.
1089 3255 1163 3307 Satir.
1174 3258 1223 3308 lv.
1236 3258 1277 3308 81.
1298 3259 1374 3306 Venit
1383 3265 1409 3306 et
1422 3257 1508 3319 Crispi

369 3339 468 3393 ticinus,
491 3336 606 3398 Rufillus
626 3341 651 3384 et
670 3335 824 3398 Geryonius.
857 3334 919 3382 For·
959 3339 1070 3386 iucunda
1091 3343 1217 3397 senectus5
1244 3338 1396 3390 etvs.197.
1429 3338 1506 3385 Mon·

370 3422 434 3464 tasse
451 3413 527 3462 alicui
549 3421 635 3477 aptum
652 3429 745 3464 nomen
766 3414 793 3462 in
809 3420 929 3463 mentem*
961 3418 1017 3465 tuni
1033 3422 1119 3465 uenter
1136 3418 1214 3465 adest.
1244 3417 1287 3465 Ad
1300 3417 1373 3464 istam
1387 3417 1507 3465 rationem

370 3494 459 3543 veniet.
483 3493 587 3542 Mallem
597 3508 709 3556 quoque:
728 3496 821 3556 inpueu
837 3496 872 3542 nd
881 3496 920 3543 ob·
960 3497 1085 3544 sententia
1106 3496 1152 3544 diu
1170 3495 1276 3544 Catonis
1291 3495 1378 3544 reterri
1399 3509 1449 3542 non
1465 3511 1507 3558 po-

368 3589 485 3624 scoenum
519 3575 650 3623 subductis
676 3589 759 3636 usque.
810 3576 921 3624 Functus
961 3580 1015 3623 test.
1048 3575 1129 3635 Nam,
1152 3581 1180 3623 ut
1199 3574 1311 3623 omittam
1327 3577 1453 3625 sententia
1470 3578 1506 3624 in-

378 3655 503 3702 Pustillos
529 3653 642 3715 Rufillus
660 3654 717 3702 olet.
750 3651 860 3701 Rufillus
876 3652 919 3701 ha·
960 3656 1028 3718 quit,
1053 3655 1119 3718 quod
1144 3653 1208 3703 mihi
1231 3654 1369 3717 permirum
1394 3655 1507 3712 videtur,

372 3731 424 3782 beri
441 3731 556 3780 molebat
580 3731 697 3796 facetus,
732 3745 829 3793 semper
856 3732 920 3783 bene
959 3736 1084 3783 sententia
1105 3749 1156 3786 non
1174 3741 1210 3783 cst
1227 3733 1409 3783 substantivum
1427 3735 1508 3785 simile

370 3812 471 3872 claude,
488 3825 539 3860 non
556 3809 696 3874 intelligens
708 3811 770 3860 bene
781 3811 859 3871 olere,
876 3813 919 3877 qui
960 3812 1009 3862 illis
1027 3815 1110 3862 uirtus
1127 3813 1246 3870 Catonia,
1262 3820 1372 3864 senectus
1383 3814 1507 3878 Crispini,

370 3891 432 3940 nihil
449 3890 505 3940 olet.
539 3890 692 3939 Doderlinus
708 3890 775 3939 idem
791 3890 898 3941 volebat.
960 3895 1038 3956 caput
1058 3895 1156 3957 Tiqetti.
1190 3895 1229 3942 Ea
1252 3901 1312 3942 sunt
1336 3895 1508 3958 inseparabilia

404 3972 452 4018 Nil
468 3973 577 4020 medium
593 3977 638 4020 art.
673 3969 823 4020 Doderlinus
844 3971 919 4021 inter·
960 3971 1095 4030 aOatone,
1112 3971 1237 4037 Crispino,
1254 3973 1370 4037 Tigellio,
1384 3974 1438 4023 illos
1451 3989 1507 4023 con·
1600 3988 1603 3991 ·

372 4049 495 4113 rogative:
523 4052 570 4098 Nil
587 4052 696 4098 mertuum
712 4053 765 4099 esti
786 4052 845 4113 quia
861 4051 919 4100 alio·
959 4051 1078 4109 stimant,
1095 4053 1256 4110 comitantur,
1274 4053 1300 4100 iu
1317 4053 1365 4102 illis
1382 4062 1448 4102 sunt.
1469 4054 1508 4103 At

371 4129 432 4193 quin
456 4130 502 4178 hoc
527 4130 620 4178 dictum
644 4132 676 4178 ad
700 4143 786 4178 omnes
808 4129 919 4179 homines
958 4133 1082 4180 sententia
1101 4131 1207 4180 Catonis
1232 4137 1256 4179 et
1284 4132 1348 4181 Octo
1373 4148 1423 4181 non
1449 4141 1508 4181 sunt

371 4209 494 4272 pertinere
511 4209 650 4268 videretur,
671 4222 728 4256 cum
750 4209 872 4271 pertineat
888 4211 919 4258 ad
960 4210 1007 4258 isto
1024 4211 1097 4258 modo
1113 4211 1206 4259 eadem.
1237 4210 1334 4259 Multae
1351 4219 1421 4259 erant
1435 4212 1507 4263 Cato·

372 4287 467 4337 stultos.
502 4288 621 4336 Horatius
643 4287 752 4351 loquitur
769 4290 801 4336 de
816 4293 920 4349 stultis,
960 4288 998 4337 nis
1016 4290 1163 4346 sententiae,
1180 4303 1241 4352 quas
1259 4290 1333 4338 variis
1350 4291 1507 4354 temporibus,

372 4367 399 4414 in
421 4367 509 4430 quibus
529 4367 565 4415 nil
586 4367 696 4415 medium
719 4382 784 4427 esse,
805 4368 855 4416 iam
877 4383 919 4424 cx·
960 4369 1042 4416 varias
1050 4368 1195 4432 proferebat,
1212 4369 1284 4418 sicuti
1294 4370 1426 4432 aliquando
1437 4371 1507 4430 hanc,

372 4448 453 4511 amplo
475 4447 562 4497 Rufilli
583 4456 607 4496 et
623 4447 744 4511 Gargonii
760 4450 920 4508 monstravit,
960 4448 991 4496 ab
1012 4449 1116 4497 Horatio
1140 4457 1307 4498 memoratam.
1347 4449 1429 4511 Quare
1453 4466 1507 4500 sen-

372 4535 398 4576 et
419 4527 473 4576 uliis
495 4528 609 4591 deinceps
630 4534 758 4577 monstrat.
792 4528 875 4590 Quare
894 4530 920 4578 in
961 4530 1043 4576 tentio
1062 4528 1163 4577 Catoni-r
1180 4529 1333 4592 accipienda,
1353 4537 1382 4579 ut
1398 4532 1507 4580 Lucretii

373 4607 476 4671 vulgata
492 4608 605 4671 equidem
622 4608 703 4670 potius
721 4607 881 4671 acquiescam.
961 4607 1011 4656 ΙΙΙ.
1029 4608 1085 4659 372.
1120 4609 1195 4656 Ittuu
1215 4611 1243 4657 in
1265 4610 1304 4658 tis
1323 4613 1396 4659 retus
1416 4627 1507 4673 uequn·

407 4686 495 4738 Macte
523 4690 625 4736 Virtute
641 4693 705 4746 esto,
722 4689 809 4750 iuquit
825 4695 919 4738 seuten-
939 4689 942 4693 ’
961 4702 1036 4749 quam
1058 4701 1154 4737 sumere
1174 4689 1266 4751 poesia,
1284 4691 1425 4740 Democriti
1443 4694 1509 4754 φανά

1356 4774 1373 4834 2
