<?xml version="1.0" encoding="UTF-8"?>
<!DOCTYPE html PUBLIC "-//W3C//DTD XHTML 1.0 Transitional//EN"
    "http://www.w3.org/TR/xhtml1/DTD/xhtml1-transitional.dtd">
<html xmlns="http://www.w3.org/1999/xhtml" xml:lang="en" lang="en">
 <head>
  <title>
</title>
<meta http-equiv="Content-Type" content="text/html;charset=utf-8" />
  <meta name='ocr-system' content='tesseract 3.04.00' />
  <meta name='ocr-capabilities' content='ocr_page ocr_carea ocr_par ocr_line ocrx_word'/>
</head>
<body>
  <div class='ocr_page' id='page_1' title='image "./qhoratiiflaccis00peergoog_0027.png"; bbox 0 0 3750 5759; ppageno 0'>
   <div class='ocr_carea' id='block_1_1' title="bbox 823 692 1077 758">
    <p class='ocr_par' dir='ltr' id='par_1_1' title="bbox 823 692 1077 758">
     <span class='ocr_line' id='line_1_1' title="bbox 823 692 1077 758; baseline 0.012 -3"><span class='ocrx_word' id='word_1_1' title='bbox 823 692 1006 757; x_wconf 84' lang='lat' dir='ltr'><strong>LIBER</strong></span> <span class='ocrx_word' id='word_1_2' title='bbox 1053 695 1077 758; x_wconf 92' lang='lat' dir='ltr'>I.</span> 
     </span>
    </p>
   </div>
   <div class='ocr_carea' id='block_1_2' title="bbox 418 856 1439 1692">
    <p class='ocr_par' dir='ltr' id='par_1_2' title="bbox 419 856 1422 1277">
     <span class='ocr_line' id='line_1_2' title="bbox 422 856 1279 966; baseline 0.006 -22"><span class='ocrx_word' id='word_1_3' title='bbox 422 879 545 944; x_wconf 78' lang='lat' dir='ltr'>Contra</span> <span class='ocrx_word' id='word_1_4' title='bbox 567 856 742 961; x_wconf 82' lang='lat' dir='ltr'>mercator,</span> <span class='ocrx_word' id='word_1_5' title='bbox 768 878 879 942; x_wconf 90' lang='lat' dir='ltr'>navim</span> <span class='ocrx_word' id='word_1_6' title='bbox 905 879 1103 947; x_wconf 84' lang='lat' dir='ltr'>iactantibus</span> <span class='ocrx_word' id='word_1_7' title='bbox 1127 881 1279 966; x_wconf 87' lang='lat' dir='ltr'>Austris,</span> 
     </span>
     <span class='ocr_line' id='line_1_3' title="bbox 422 981 1422 1066; baseline 0.008 -21"><span class='ocrx_word' id='word_1_8' title='bbox 422 981 570 1064; x_wconf 88' lang='lat' dir='ltr'>„Militia</span> <span class='ocrx_word' id='word_1_9' title='bbox 593 991 644 1048; x_wconf 86' lang='lat' dir='ltr'>est</span> <span class='ocrx_word' id='word_1_10' title='bbox 666 981 782 1066; x_wconf 81' lang='lat' dir='ltr'>potior.</span> <span class='ocrx_word' id='word_1_11' title='bbox 825 981 912 1062; x_wconf 78' lang='lat' dir='ltr'>Quid</span> <span class='ocrx_word' id='word_1_12' title='bbox 935 983 1039 1048; x_wconf 84' lang='lat' dir='ltr'>enim?</span> <span class='ocrx_word' id='word_1_13' title='bbox 1074 984 1300 1052; x_wconf 78' lang='lat' dir='ltr'>Concurritur:</span> <span class='ocrx_word' id='word_1_14' title='bbox 1326 988 1422 1053; x_wconf 87' lang='lat' dir='ltr'>horae</span> 
     </span>
     <span class='ocr_line' id='line_1_4' title="bbox 421 1086 1293 1156; baseline 0.007 -6"><span class='ocrx_word' id='word_1_15' title='bbox 421 1087 591 1152; x_wconf 89' lang='lat' dir='ltr'>Momento</span> <span class='ocrx_word' id='word_1_16' title='bbox 615 1086 681 1150; x_wconf 83' lang='lat' dir='ltr'>eila</span> <span class='ocrx_word' id='word_1_17' title='bbox 705 1107 792 1151; x_wconf 89' lang='lat' dir='ltr'>mors</span> <span class='ocrx_word' id='word_1_18' title='bbox 816 1086 908 1151; x_wconf 81' lang='lat' dir='ltr'>venit</span> <span class='ocrx_word' id='word_1_19' title='bbox 931 1093 990 1152; x_wconf 83' lang='lat' dir='ltr'>aut</span> <span class='ocrx_word' id='word_1_20' title='bbox 1012 1088 1150 1155; x_wconf 81' lang='lat' dir='ltr'>victoria</span> <span class='ocrx_word' id='word_1_21' title='bbox 1172 1090 1293 1156; x_wconf 82' lang='lat' dir='ltr'>laeta.“</span> 
     </span>
     <span class='ocr_line' id='line_1_5' title="bbox 419 1188 1215 1277; baseline 0.006 -24"><span class='ocrx_word' id='word_1_22' title='bbox 419 1188 610 1274; x_wconf 79' lang='lat' dir='ltr'>Agricolam</span> <span class='ocrx_word' id='word_1_23' title='bbox 632 1188 747 1253; x_wconf 86' lang='lat' dir='ltr'>laudat</span> <span class='ocrx_word' id='word_1_24' title='bbox 770 1188 850 1253; x_wconf 90' lang='lat' dir='ltr'>iuris</span> <span class='ocrx_word' id='word_1_25' title='bbox 874 1188 1050 1275; x_wconf 82' lang='lat' dir='ltr'>legumque</span> <span class='ocrx_word' id='word_1_26' title='bbox 1073 1191 1215 1277; x_wconf 84' lang='lat' dir='ltr'>peritus&#39;,</span> 
     </span>
    </p>

    <p class='ocr_par' dir='ltr' id='par_1_3' title="bbox 421 1291 1277 1381">
     <span class='ocr_line' id='line_1_6' title="bbox 421 1291 1277 1381; baseline 0.004 -23"><span class='ocrx_word' id='word_1_27' title='bbox 421 1292 489 1358; x_wconf 79' lang='lat' dir='ltr'>Sub</span> <span class='ocrx_word' id='word_1_28' title='bbox 512 1291 595 1377; x_wconf 88' lang='lat' dir='ltr'>galli</span> <span class='ocrx_word' id='word_1_29' title='bbox 618 1295 754 1356; x_wconf 86' lang='lat' dir='ltr'>cantum</span> <span class='ocrx_word' id='word_1_30' title='bbox 777 1292 945 1357; x_wconf 87' lang='lat' dir='ltr'>consultor</span> <span class='ocrx_word' id='word_1_31' title='bbox 969 1293 1026 1358; x_wconf 88' lang='lat' dir='ltr'>ubi</span> <span class='ocrx_word' id='word_1_32' title='bbox 1050 1294 1135 1360; x_wconf 86' lang='lat' dir='ltr'>ostia</span> <span class='ocrx_word' id='word_1_33' title='bbox 1157 1296 1277 1381; x_wconf 85' lang='lat' dir='ltr'>pulsat.</span> 
     </span>
    </p>

    <p class='ocr_par' dir='ltr' id='par_1_4' title="bbox 420 1394 1439 1566">
     <span class='ocr_line' id='line_1_7' title="bbox 420 1394 1439 1482; baseline 0.006 -22"><span class='ocrx_word' id='word_1_34' title='bbox 420 1395 499 1478; x_wconf 87' lang='lat' dir='ltr'>Ille,</span> <span class='ocrx_word' id='word_1_35' title='bbox 528 1394 614 1459; x_wconf 79' lang='lat' dir='ltr'>datis</span> <span class='ocrx_word' id='word_1_36' title='bbox 637 1394 792 1477; x_wconf 82' lang='lat' dir='ltr'>vadibus,</span> <span class='ocrx_word' id='word_1_37' title='bbox 818 1395 875 1480; x_wconf 90' lang='lat' dir='ltr'>qui</span> <span class='ocrx_word' id='word_1_38' title='bbox 898 1417 971 1460; x_wconf 90' lang='lat' dir='ltr'>rure</span> <span class='ocrx_word' id='word_1_39' title='bbox 995 1403 1159 1463; x_wconf 86' lang='lat' dir='ltr'>extractus</span> <span class='ocrx_word' id='word_1_40' title='bbox 1183 1399 1218 1463; x_wconf 92' lang='lat' dir='ltr'>in</span> <span class='ocrx_word' id='word_1_41' title='bbox 1242 1400 1355 1465; x_wconf 89' lang='lat' dir='ltr'>urbem</span> <span class='ocrx_word' id='word_1_42' title='bbox 1379 1406 1439 1482; x_wconf 85' lang='lat' dir='ltr'>est,</span> 
     </span>
     <span class='ocr_line' id='line_1_8' title="bbox 420 1483 1137 1566; baseline 0.003 -2"><span class='ocrx_word' id='word_1_43' title='bbox 420 1499 513 1564; x_wconf 84' lang='lat' dir='ltr'>Solos</span> <span class='ocrx_word' id='word_1_44' title='bbox 537 1498 648 1563; x_wconf 87' lang='lat' dir='ltr'>felices</span> <span class='ocrx_word' id='word_1_45' title='bbox 672 1483 820 1564; x_wconf 81' lang='lat' dir='ltr'>vivenies</span> <span class='ocrx_word' id='word_1_46' title='bbox 845 1498 968 1564; x_wconf 82' lang='lat' dir='ltr'>clamat</span> <span class='ocrx_word' id='word_1_47' title='bbox 991 1500 1026 1564; x_wconf 90' lang='lat' dir='ltr'>in</span> <span class='ocrx_word' id='word_1_48' title='bbox 1050 1502 1137 1566; x_wconf 90' lang='lat' dir='ltr'>urbe.</span> 
     </span>
    </p>

    <p class='ocr_par' dir='ltr' id='par_1_5' title="bbox 418 1602 1385 1692">
     <span class='ocr_line' id='line_1_9' title="bbox 418 1602 1385 1692; baseline 0.005 -24"><span class='ocrx_word' id='word_1_49' title='bbox 418 1603 534 1669; x_wconf 80' lang='lat' dir='ltr'>Cetera</span> <span class='ocrx_word' id='word_1_50' title='bbox 557 1602 597 1667; x_wconf 92' lang='lat' dir='ltr'>de</span> <span class='ocrx_word' id='word_1_51' title='bbox 619 1624 737 1687; x_wconf 83' lang='lat' dir='ltr'>genere</span> <span class='ocrx_word' id='word_1_52' title='bbox 761 1602 839 1685; x_wconf 87' lang='lat' dir='ltr'>hoc,</span> <span class='ocrx_word' id='word_1_53' title='bbox 864 1603 944 1669; x_wconf 89' lang='lat' dir='ltr'>adeo</span> <span class='ocrx_word' id='word_1_54' title='bbox 969 1609 1048 1669; x_wconf 89' lang='lat' dir='ltr'>sunt</span> <span class='ocrx_word' id='word_1_55' title='bbox 1072 1606 1193 1688; x_wconf 86' lang='lat' dir='ltr'>mulia,</span> <span class='ocrx_word' id='word_1_56' title='bbox 1217 1607 1385 1692; x_wconf 80' lang='lat' dir='ltr'>loquacem</span> 
     </span>
    </p>
   </div>
   <div class='ocr_carea' id='block_1_3' title="bbox 419 1706 919 1772">
    <p class='ocr_par' dir='ltr' id='par_1_6' title="bbox 419 1706 919 1772">
     <span class='ocr_line' id='line_1_10' title="bbox 419 1706 919 1772; baseline -0.002 -1"><span class='ocrx_word' id='word_1_57' title='bbox 419 1707 610 1772; x_wconf 88' lang='lat' dir='ltr'>Delasssare</span> <span class='ocrx_word' id='word_1_58' title='bbox 633 1706 745 1771; x_wconf 86' lang='lat' dir='ltr'>valent</span> <span class='ocrx_word' id='word_1_59' title='bbox 769 1706 919 1771; x_wconf 88' lang='lat' dir='ltr'>Fabium.</span> 
     </span>
    </p>
   </div>
   <div class='ocr_carea' id='block_1_4' title="bbox 970 1697 1485 1792">
    <p class='ocr_par' dir='ltr' id='par_1_7' title="bbox 970 1697 1485 1792">
     <span class='ocr_line' id='line_1_11' title="bbox 970 1697 1485 1792; baseline 0.01 -22"><span class='ocrx_word' id='word_1_60' title='bbox 970 1708 1020 1772; x_wconf 88' lang='lat' dir='ltr'>Ne</span> <span class='ocrx_word' id='word_1_61' title='bbox 1044 1713 1076 1774; x_wconf 85' lang='lat' dir='ltr'>te</span> <span class='ocrx_word' id='word_1_62' title='bbox 1099 1732 1219 1792; x_wconf 91' lang='lat' dir='ltr'>morer,</span> <span class='ocrx_word' id='word_1_63' title='bbox 1244 1711 1338 1792; x_wconf 89' lang='lat' dir='ltr'>audi,</span> <span class='ocrx_word' id='word_1_64' title='bbox 1417 1723 1419 1727; x_wconf 83' lang='grc'><strong>’</strong></span> <span class='ocrx_word' id='word_1_65' title='bbox 1484 1697 1485 1701; x_wconf 23' lang='grc'><strong>“</strong></span> 
     </span>
    </p>
   </div>
   <div class='ocr_carea' id='block_1_5' title="bbox 417 1809 1413 2001">
    <p class='ocr_par' dir='ltr' id='par_1_8' title="bbox 417 1809 1413 2001">
     <span class='ocr_line' id='line_1_12' title="bbox 418 1809 1409 1898; baseline 0.006 -23"><span class='ocrx_word' id='word_1_66' title='bbox 418 1810 489 1890; x_wconf 88' lang='lat' dir='ltr'>Quo</span> <span class='ocrx_word' id='word_1_67' title='bbox 512 1833 582 1875; x_wconf 92' lang='lat' dir='ltr'>rem</span> <span class='ocrx_word' id='word_1_68' title='bbox 606 1809 773 1875; x_wconf 87' lang='lat' dir='ltr'>deducam.</span> <span class='ocrx_word' id='word_1_69' title='bbox 824 1809 860 1876; x_wconf 77' lang='lat' dir='ltr'>si</span> <span class='ocrx_word' id='word_1_70' title='bbox 884 1811 957 1895; x_wconf 87' lang='lat' dir='ltr'>quis</span> <span class='ocrx_word' id='word_1_71' title='bbox 983 1811 1072 1877; x_wconf 88' lang='lat' dir='ltr'>Deus</span> <span class='ocrx_word' id='word_1_72' title='bbox 1098 1814 1174 1895; x_wconf 84' lang='lat' dir='ltr'>„En</span> <span class='ocrx_word' id='word_1_73' title='bbox 1198 1818 1281 1898; x_wconf 84' lang='lat' dir='ltr'>ego“</span> <span class='ocrx_word' id='word_1_74' title='bbox 1307 1814 1409 1897; x_wconf 81' lang='lat' dir='ltr'>dicat,</span> 
     </span>
     <span class='ocr_line' id='line_1_13' title="bbox 417 1912 1413 2001; baseline 0.004 -23"><span class='ocrx_word' id='word_1_75' title='bbox 417 1914 514 1997; x_wconf 85' lang='lat' dir='ltr'>„lam</span> <span class='ocrx_word' id='word_1_76' title='bbox 536 1912 656 1978; x_wconf 86' lang='lat' dir='ltr'>faciam</span> <span class='ocrx_word' id='word_1_77' title='bbox 680 1913 767 1997; x_wconf 92' lang='lat' dir='ltr'>quod</span> <span class='ocrx_word' id='word_1_78' title='bbox 791 1912 907 1978; x_wconf 80' lang='lat' dir='ltr'>vultis:</span> <span class='ocrx_word' id='word_1_79' title='bbox 932 1914 995 1978; x_wconf 89' lang='lat' dir='ltr'>eris</span> <span class='ocrx_word' id='word_1_80' title='bbox 1020 1921 1075 1997; x_wconf 86' lang='lat' dir='ltr'>tu,</span> <span class='ocrx_word' id='word_1_81' title='bbox 1102 1916 1157 2001; x_wconf 93' lang='lat' dir='ltr'>qui</span> <span class='ocrx_word' id='word_1_82' title='bbox 1181 1917 1278 1982; x_wconf 92' lang='lat' dir='ltr'>modo</span> <span class='ocrx_word' id='word_1_83' title='bbox 1301 1917 1413 2000; x_wconf 86' lang='lat' dir='ltr'>miles,</span> 
     </span>
    </p>
   </div>
   <div class='ocr_carea' id='block_1_6' title="bbox 367 2096 923 3101">
    <p class='ocr_par' dir='ltr' id='par_1_9' title="bbox 367 2096 923 2236">
     <span class='ocr_line' id='line_1_14' title="bbox 369 2096 923 2157; baseline -0.004 -12"><span class='ocrx_word' id='word_1_84' title='bbox 369 2109 483 2152; x_wconf 73' lang='lat' dir='ltr'>noram,</span> <span class='ocrx_word' id='word_1_85' title='bbox 502 2096 573 2142; x_wconf 86' lang='lat' dir='ltr'>Dum</span> <span class='ocrx_word' id='word_1_86' title='bbox 590 2100 677 2156; x_wconf 80' lang='lat' dir='ltr'>aetas,</span> <span class='ocrx_word' id='word_1_87' title='bbox 693 2099 783 2150; x_wconf 73' lang='lat' dir='ltr'>aretiis,</span> <span class='ocrx_word' id='word_1_88' title='bbox 801 2097 923 2157; x_wconf 63' lang='lat' dir='ltr'>tonanter</span> 
     </span>
     <span class='ocr_line' id='line_1_15' title="bbox 367 2175 551 2236; baseline -0.011 -14"><span class='ocrx_word' id='word_1_89' title='bbox 367 2175 551 2236; x_wconf 78' lang='lat' dir='ltr'>prohibebant?</span> 
     </span>
    </p>

    <p class='ocr_par' dir='ltr' id='par_1_10' title="bbox 368 2251 922 2951">
     <span class='ocr_line' id='line_1_16' title="bbox 394 2251 921 2314; baseline 0 -13"><span class='ocrx_word' id='word_1_90' title='bbox 394 2252 464 2302; x_wconf 87' lang='lat' dir='ltr'>Acro</span> <span class='ocrx_word' id='word_1_91' title='bbox 472 2252 512 2300; x_wconf 88' lang='lat' dir='ltr'>hic</span> <span class='ocrx_word' id='word_1_92' title='bbox 520 2251 690 2301; x_wconf 84' lang='lat' dir='ltr'>adHoratium</span> <span class='ocrx_word' id='word_1_93' title='bbox 699 2251 839 2300; x_wconf 85' lang='lat' dir='ltr'>annotavit:</span> <span class='ocrx_word' id='word_1_94' title='bbox 849 2269 921 2314; x_wconf 74' lang='lat' dir='ltr'>„ora-</span> 
     </span>
     <span class='ocr_line' id='line_1_17' title="bbox 369 2331 922 2394; baseline -0.002 -14"><span class='ocrx_word' id='word_1_95' title='bbox 369 2333 408 2380; x_wconf 77' lang='lat' dir='ltr'>ria</span> <span class='ocrx_word' id='word_1_96' title='bbox 420 2333 506 2380; x_wconf 82' lang='lat' dir='ltr'>annis:</span> <span class='ocrx_word' id='word_1_97' title='bbox 518 2331 627 2394; x_wconf 86' lang='lat' dir='ltr'>figurata</span> <span class='ocrx_word' id='word_1_98' title='bbox 639 2331 755 2389; x_wconf 87' lang='lat' dir='ltr'>elocutio;</span> <span class='ocrx_word' id='word_1_99' title='bbox 767 2346 811 2393; x_wconf 92' lang='lat' dir='ltr'>per</span> <span class='ocrx_word' id='word_1_100' title='bbox 819 2336 922 2380; x_wconf 88' lang='lat' dir='ltr'>annos.“</span> 
     </span>
     <span class='ocr_line' id='line_1_18' title="bbox 369 2409 921 2474; baseline -0.002 -15"><span class='ocrx_word' id='word_1_101' title='bbox 369 2411 428 2459; x_wconf 88' lang='lat' dir='ltr'>Non</span> <span class='ocrx_word' id='word_1_102' title='bbox 439 2411 512 2459; x_wconf 81' lang='lat' dir='ltr'>video</span> <span class='ocrx_word' id='word_1_103' title='bbox 523 2410 584 2474; x_wconf 89' lang='lat' dir='ltr'>quid</span> <span class='ocrx_word' id='word_1_104' title='bbox 594 2409 696 2472; x_wconf 87' lang='lat' dir='ltr'>figurati</span> <span class='ocrx_word' id='word_1_105' title='bbox 706 2409 774 2457; x_wconf 89' lang='lat' dir='ltr'>sitin</span> <span class='ocrx_word' id='word_1_106' title='bbox 783 2412 868 2472; x_wconf 72' lang='lat' dir='ltr'>oraru</span> <span class='ocrx_word' id='word_1_107' title='bbox 877 2426 921 2458; x_wconf 89' lang='lat' dir='ltr'>an·</span> 
     </span>
     <span class='ocr_line' id='line_1_19' title="bbox 369 2490 922 2554; baseline -0.005 -15"><span class='ocrx_word' id='word_1_108' title='bbox 369 2492 417 2539; x_wconf 77' lang='lat' dir='ltr'>nia.</span> <span class='ocrx_word' id='word_1_109' title='bbox 445 2491 554 2554; x_wconf 75' lang='lat' dir='ltr'>Legitur</span> <span class='ocrx_word' id='word_1_110' title='bbox 570 2491 597 2538; x_wconf 83' lang='lat' dir='ltr'>in</span> <span class='ocrx_word' id='word_1_111' title='bbox 607 2490 713 2539; x_wconf 89' lang='lat' dir='ltr'>Horatio</span> <span class='ocrx_word' id='word_1_112' title='bbox 729 2491 814 2551; x_wconf 71' lang='lat' dir='ltr'>oraru</span> <span class='ocrx_word' id='word_1_113' title='bbox 826 2491 922 2537; x_wconf 69' lang='lat' dir='ltr'>annai</span> 
     </span>
     <span class='ocr_line' id='line_1_20' title="bbox 369 2567 921 2632; baseline -0.004 -13"><span class='ocrx_word' id='word_1_114' title='bbox 369 2570 425 2619; x_wconf 87' lang='lat' dir='ltr'>Hoc</span> <span class='ocrx_word' id='word_1_115' title='bbox 435 2577 500 2618; x_wconf 86' lang='lat' dir='ltr'>esset</span> <span class='ocrx_word' id='word_1_116' title='bbox 510 2569 658 2632; x_wconf 83' lang='lat' dir='ltr'>figuratum,</span> <span class='ocrx_word' id='word_1_117' title='bbox 676 2575 701 2616; x_wconf 86' lang='lat' dir='ltr'>et</span> <span class='ocrx_word' id='word_1_118' title='bbox 711 2567 868 2630; x_wconf 87' lang='lat' dir='ltr'>interpretari</span> <span class='ocrx_word' id='word_1_119' title='bbox 879 2583 921 2630; x_wconf 93' lang='lat' dir='ltr'>po·</span> 
     </span>
     <span class='ocr_line' id='line_1_21' title="bbox 370 2647 920 2712; baseline -0.004 -14"><span class='ocrx_word' id='word_1_120' title='bbox 370 2650 429 2698; x_wconf 84' lang='lat' dir='ltr'>tuit:</span> <span class='ocrx_word' id='word_1_121' title='bbox 447 2650 547 2712; x_wconf 63' lang='lat' dir='ltr'>,grauis</span> <span class='ocrx_word' id='word_1_122' title='bbox 563 2663 654 2705; x_wconf 81' lang='lat' dir='ltr'>annor,</span> <span class='ocrx_word' id='word_1_123' title='bbox 675 2647 783 2710; x_wconf 84' lang='lat' dir='ltr'>figurata</span> <span class='ocrx_word' id='word_1_124' title='bbox 804 2647 920 2707; x_wconf 80' lang='lat' dir='ltr'>elocutio,</span> 
     </span>
     <span class='ocr_line' id='line_1_22' title="bbox 369 2725 921 2792; baseline -0.004 -16"><span class='ocrx_word' id='word_1_125' title='bbox 369 2743 414 2792; x_wconf 90' lang='lat' dir='ltr'>pro</span> <span class='ocrx_word' id='word_1_126' title='bbox 423 2731 523 2778; x_wconf 82' lang='lat' dir='ltr'>annis.“</span> <span class='ocrx_word' id='word_1_127' title='bbox 535 2729 575 2777; x_wconf 88' lang='lat' dir='ltr'>Ita</span> <span class='ocrx_word' id='word_1_128' title='bbox 583 2742 654 2776; x_wconf 84' lang='lat' dir='ltr'>mox:</span> <span class='ocrx_word' id='word_1_129' title='bbox 664 2728 805 2785; x_wconf 64' lang='lat' dir='ltr'>„Fruatur</span> <span class='ocrx_word' id='word_1_130' title='bbox 815 2725 921 2789; x_wconf 87' lang='lat' dir='ltr'>figurate</span> 
     </span>
     <span class='ocr_line' id='line_1_23' title="bbox 368 2807 919 2869; baseline -0.009 -10"><span class='ocrx_word' id='word_1_131' title='bbox 368 2807 460 2858; x_wconf 76' lang='lat' dir='ltr'>stactus</span> <span class='ocrx_word' id='word_1_132' title='bbox 477 2808 597 2867; x_wconf 87' lang='lat' dir='ltr'>membra,</span> <span class='ocrx_word' id='word_1_133' title='bbox 614 2807 679 2855; x_wconf 88' lang='lat' dir='ltr'>sicut</span> <span class='ocrx_word' id='word_1_134' title='bbox 691 2808 776 2869; x_wconf 80' lang='lat' dir='ltr'>pictur</span> <span class='ocrx_word' id='word_1_135' title='bbox 789 2821 838 2854; x_wconf 77' lang='lat' dir='ltr'>aare</span> <span class='ocrx_word' id='word_1_136' title='bbox 850 2808 919 2855; x_wconf 75' lang='lat' dir='ltr'>atila·</span> 
     </span>
     <span class='ocr_line' id='line_1_24' title="bbox 368 2884 920 2951; baseline -0.007 -14"><span class='ocrx_word' id='word_1_137' title='bbox 368 2890 481 2951; x_wconf 66' lang='lat' dir='ltr'>uuam,-</span> <span class='ocrx_word' id='word_1_138' title='bbox 493 2889 519 2936; x_wconf 90' lang='lat' dir='ltr'>id</span> <span class='ocrx_word' id='word_1_139' title='bbox 530 2894 575 2946; x_wconf 85' lang='lat' dir='ltr'>est,</span> <span class='ocrx_word' id='word_1_140' title='bbox 587 2887 667 2934; x_wconf 85' lang='lat' dir='ltr'>fracta</span> <span class='ocrx_word' id='word_1_141' title='bbox 678 2884 791 2933; x_wconf 86' lang='lat' dir='ltr'>membra</span> <span class='ocrx_word' id='word_1_142' title='bbox 802 2884 920 2934; x_wconf 87' lang='lat' dir='ltr'>habens.“</span> 
     </span>
    </p>

    <p class='ocr_par' dir='ltr' id='par_1_11' title="bbox 368 2964 919 3101">
     <span class='ocr_line' id='line_1_25' title="bbox 401 2964 919 3016; baseline -0.002 -2"><span class='ocrx_word' id='word_1_143' title='bbox 401 2967 531 3016; x_wconf 86' lang='lat' dir='ltr'>Momento</span> <span class='ocrx_word' id='word_1_144' title='bbox 557 2969 607 3015; x_wconf 83' lang='lat' dir='ltr'>rita</span> <span class='ocrx_word' id='word_1_145' title='bbox 631 2980 698 3014; x_wconf 72' lang='lat' dir='ltr'>ntus</span> <span class='ocrx_word' id='word_1_146' title='bbox 722 2967 797 3013; x_wconf 82' lang='lat' dir='ltr'>renit.</span> <span class='ocrx_word' id='word_1_147' title='bbox 837 2964 919 3013; x_wconf 89' lang='lat' dir='ltr'>Bentl.</span> 
     </span>
     <span class='ocr_line' id='line_1_26' title="bbox 368 3045 919 3101; baseline 0 -8"><span class='ocrx_word' id='word_1_148' title='bbox 368 3060 400 3093; x_wconf 89' lang='lat' dir='ltr'>ex</span> <span class='ocrx_word' id='word_1_149' title='bbox 417 3045 494 3096; x_wconf 87' lang='lat' dir='ltr'>MSS.</span> <span class='ocrx_word' id='word_1_150' title='bbox 513 3046 581 3094; x_wconf 86' lang='lat' dir='ltr'>dedit</span> <span class='ocrx_word' id='word_1_151' title='bbox 597 3051 643 3093; x_wconf 83' lang='lat' dir='ltr'>aut</span> <span class='ocrx_word' id='word_1_152' title='bbox 661 3046 713 3093; x_wconf 80' lang='lat' dir='ltr'>cita</span> <span class='ocrx_word' id='word_1_153' title='bbox 730 3059 807 3101; x_wconf 76' lang='lat' dir='ltr'>mora,</span> <span class='ocrx_word' id='word_1_154' title='bbox 826 3049 854 3091; x_wconf 90' lang='lat' dir='ltr'>ut</span> <span class='ocrx_word' id='word_1_155' title='bbox 872 3045 919 3093; x_wconf 90' lang='lat' dir='ltr'>ele-</span> 
     </span>
    </p>
   </div>
   <div class='ocr_carea' id='block_1_7' title="bbox 962 2096 1513 3111">
    <p class='ocr_par' dir='ltr' id='par_1_12' title="bbox 963 2096 1513 2476">
     <span class='ocr_line' id='line_1_27' title="bbox 963 2096 1513 2160; baseline 0.004 -17"><span class='ocrx_word' id='word_1_156' title='bbox 963 2096 1097 2156; x_wconf 87' lang='lat' dir='ltr'>inferatur‚</span> <span class='ocrx_word' id='word_1_157' title='bbox 1128 2099 1249 2148; x_wconf 84' lang='lat' dir='ltr'>Horatius</span> <span class='ocrx_word' id='word_1_158' title='bbox 1278 2100 1357 2148; x_wconf 85' lang='lat' dir='ltr'>vitare</span> <span class='ocrx_word' id='word_1_159' title='bbox 1382 2098 1513 2160; x_wconf 84' lang='lat' dir='ltr'>potuisset,</span> 
     </span>
     <span class='ocr_line' id='line_1_28' title="bbox 963 2177 1512 2240; baseline 0 -17"><span class='ocrx_word' id='word_1_160' title='bbox 963 2177 1069 2225; x_wconf 81' lang='lat' dir='ltr'>uictoria</span> <span class='ocrx_word' id='word_1_161' title='bbox 1077 2177 1229 2240; x_wconf 87' lang='lat' dir='ltr'>praemissa:</span> <span class='ocrx_word' id='word_1_162' title='bbox 1247 2177 1373 2228; x_wconf 76' lang='lat' dir='ltr'>Mornmto</span> <span class='ocrx_word' id='word_1_163' title='bbox 1388 2179 1456 2226; x_wconf 84' lang='lat' dir='ltr'>uenit</span> <span class='ocrx_word' id='word_1_164' title='bbox 1467 2183 1512 2224; x_wconf 86' lang='lat' dir='ltr'>out</span> 
     </span>
     <span class='ocr_line' id='line_1_29' title="bbox 963 2253 1513 2313; baseline -0.002 -11"><span class='ocrx_word' id='word_1_165' title='bbox 963 2255 1070 2303; x_wconf 74' lang='lat' dir='ltr'>uictoria</span> <span class='ocrx_word' id='word_1_166' title='bbox 1087 2258 1166 2313; x_wconf 88' lang='lat' dir='ltr'>taeta,</span> <span class='ocrx_word' id='word_1_167' title='bbox 1185 2259 1239 2306; x_wconf 84' lang='lat' dir='ltr'>rita</span> <span class='ocrx_word' id='word_1_168' title='bbox 1256 2263 1302 2304; x_wconf 90' lang='lat' dir='ltr'>aut</span> <span class='ocrx_word' id='word_1_169' title='bbox 1320 2270 1393 2304; x_wconf 84' lang='lat' dir='ltr'>mors.</span> <span class='ocrx_word' id='word_1_170' title='bbox 1425 2253 1475 2304; x_wconf 81' lang='lat' dir='ltr'>Sed</span> <span class='ocrx_word' id='word_1_171' title='bbox 1491 2254 1513 2302; x_wconf 89' lang='lat' dir='ltr'>si</span> 
     </span>
     <span class='ocr_line' id='line_1_30' title="bbox 963 2332 1513 2398; baseline 0.005 -19"><span class='ocrx_word' id='word_1_172' title='bbox 963 2339 1027 2380; x_wconf 86' lang='lat' dir='ltr'>esset</span> <span class='ocrx_word' id='word_1_173' title='bbox 1048 2333 1200 2394; x_wconf 88' lang='lat' dir='ltr'>ominosum,</span> <span class='ocrx_word' id='word_1_174' title='bbox 1223 2349 1303 2398; x_wconf 87' lang='lat' dir='ltr'>neque</span> <span class='ocrx_word' id='word_1_175' title='bbox 1324 2332 1446 2397; x_wconf 86' lang='lat' dir='ltr'>particula</span> <span class='ocrx_word' id='word_1_176' title='bbox 1467 2333 1513 2382; x_wconf 92' lang='lat' dir='ltr'>tol-</span> 
     </span>
     <span class='ocr_line' id='line_1_31' title="bbox 963 2411 1465 2476; baseline 0.002 -18"><span class='ocrx_word' id='word_1_177' title='bbox 963 2411 1036 2472; x_wconf 89' lang='lat' dir='ltr'>leret,</span> <span class='ocrx_word' id='word_1_178' title='bbox 1054 2427 1100 2462; x_wconf 89' lang='lat' dir='ltr'>nec</span> <span class='ocrx_word' id='word_1_179' title='bbox 1116 2415 1190 2476; x_wconf 70' lang='lat' dir='ltr'>poeta</span> <span class='ocrx_word' id='word_1_180' title='bbox 1206 2422 1257 2462; x_wconf 86' lang='lat' dir='ltr'>tam</span> <span class='ocrx_word' id='word_1_181' title='bbox 1273 2413 1387 2462; x_wconf 88' lang='lat' dir='ltr'>infirmus</span> <span class='ocrx_word' id='word_1_182' title='bbox 1404 2420 1465 2460; x_wconf 86' lang='lat' dir='ltr'>erat.</span> 
     </span>
    </p>

    <p class='ocr_par' dir='ltr' id='par_1_13' title="bbox 962 2492 1513 3111">
     <span class='ocr_line' id='line_1_32' title="bbox 998 2492 1513 2555; baseline 0.004 -15"><span class='ocrx_word' id='word_1_183' title='bbox 998 2493 1028 2540; x_wconf 85' lang='lat' dir='ltr'>Si</span> <span class='ocrx_word' id='word_1_184' title='bbox 1044 2495 1100 2555; x_wconf 83' lang='lat' dir='ltr'>quis</span> <span class='ocrx_word' id='word_1_185' title='bbox 1113 2496 1193 2543; x_wconf 85' lang='lat' dir='ltr'>Deus.</span> <span class='ocrx_word' id='word_1_186' title='bbox 1219 2493 1307 2544; x_wconf 84' lang='lat' dir='ltr'>Cicero</span> <span class='ocrx_word' id='word_1_187' title='bbox 1324 2494 1354 2540; x_wconf 87' lang='lat' dir='ltr'>de</span> <span class='ocrx_word' id='word_1_188' title='bbox 1366 2492 1461 2542; x_wconf 84' lang='lat' dir='ltr'>Senect.</span> <span class='ocrx_word' id='word_1_189' title='bbox 1473 2494 1513 2542; x_wconf 81' lang='lat'>23.</span> 
     </span>
     <span class='ocr_line' id='line_1_33' title="bbox 965 2571 1513 2636; baseline 0.005 -17"><span class='ocrx_word' id='word_1_190' title='bbox 965 2571 995 2620; x_wconf 78' lang='lat' dir='ltr'>St</span> <span class='ocrx_word' id='word_1_191' title='bbox 1016 2575 1074 2634; x_wconf 72' lang='lat' dir='ltr'>quir</span> <span class='ocrx_word' id='word_1_192' title='bbox 1092 2575 1164 2622; x_wconf 84' lang='lat' dir='ltr'>Deus</span> <span class='ocrx_word' id='word_1_193' title='bbox 1185 2575 1248 2622; x_wconf 81' lang='lat' dir='ltr'>mihi</span> <span class='ocrx_word' id='word_1_194' title='bbox 1268 2575 1410 2636; x_wconf 63' lang='lat' dir='ltr'>torquetur,</span> <span class='ocrx_word' id='word_1_195' title='bbox 1431 2578 1460 2620; x_wconf 86' lang='lat' dir='ltr'>ut</span> <span class='ocrx_word' id='word_1_196' title='bbox 1482 2589 1513 2622; x_wconf 79' lang='lat' dir='ltr'>en</span> 
     </span>
     <span class='ocr_line' id='line_1_34' title="bbox 964 2652 1511 2715; baseline 0.004 -17"><span class='ocrx_word' id='word_1_197' title='bbox 964 2652 1011 2700; x_wconf 81' lang='lat' dir='ltr'>hoo</span> <span class='ocrx_word' id='word_1_198' title='bbox 1035 2658 1119 2701; x_wconf 81' lang='lat' dir='ltr'>aetate</span> <span class='ocrx_word' id='word_1_199' title='bbox 1144 2667 1319 2715; x_wconf 65' lang='lat' dir='ltr'>repuerascam</span> <span class='ocrx_word' id='word_1_200' title='bbox 1340 2657 1365 2700; x_wconf 88' lang='lat' dir='ltr'>et</span> <span class='ocrx_word' id='word_1_201' title='bbox 1386 2654 1414 2699; x_wconf 85' lang='lat' dir='ltr'>iu</span> <span class='ocrx_word' id='word_1_202' title='bbox 1437 2653 1511 2701; x_wconf 81' lang='lat' dir='ltr'>runis</span> 
     </span>
     <span class='ocr_line' id='line_1_35' title="bbox 963 2730 1512 2791; baseline -0.002 -15"><span class='ocrx_word' id='word_1_203' title='bbox 963 2731 1078 2791; x_wconf 65' lang='lat' dir='ltr'>uoniam,</span> <span class='ocrx_word' id='word_1_204' title='bbox 1103 2734 1175 2780; x_wconf 84' lang='lat' dir='ltr'>ualde</span> <span class='ocrx_word' id='word_1_205' title='bbox 1200 2747 1319 2781; x_wconf 84' lang='lat' dir='ltr'>recusem.</span> <span class='ocrx_word' id='word_1_206' title='bbox 1361 2731 1449 2779; x_wconf 84' lang='lat' dir='ltr'>Horat.</span> <span class='ocrx_word' id='word_1_207' title='bbox 1475 2730 1512 2779; x_wconf 87' lang='lat' dir='ltr'>Il.</span> 
     </span>
     <span class='ocr_line' id='line_1_36' title="bbox 963 2810 1513 2860; baseline 0.004 -4"><span class='ocrx_word' id='word_1_208' title='bbox 963 2823 1011 2858; x_wconf 84' lang='lat' dir='ltr'>vn.</span> <span class='ocrx_word' id='word_1_209' title='bbox 1034 2810 1080 2857; x_wconf 73' lang='lat'>24:</span> <span class='ocrx_word' id='word_1_210' title='bbox 1108 2812 1200 2859; x_wconf 77' lang='lat' dir='ltr'>laudas</span> <span class='ocrx_word' id='word_1_211' title='bbox 1222 2812 1365 2860; x_wconf 77' lang='lat' dir='ltr'>Fortunam</span> <span class='ocrx_word' id='word_1_212' title='bbox 1387 2815 1411 2858; x_wconf 86' lang='lat' dir='ltr'>et</span> <span class='ocrx_word' id='word_1_213' title='bbox 1433 2824 1513 2858; x_wconf 80' lang='lat' dir='ltr'>morea</span> 
     </span>
     <span class='ocr_line' id='line_1_37' title="bbox 963 2890 1513 2953; baseline -0.002 -16"><span class='ocrx_word' id='word_1_214' title='bbox 963 2892 1083 2953; x_wconf 78' lang='lat' dir='ltr'>antiquae</span> <span class='ocrx_word' id='word_1_215' title='bbox 1098 2892 1191 2952; x_wconf 77' lang='lat' dir='ltr'>plebia,</span> <span class='ocrx_word' id='word_1_216' title='bbox 1210 2896 1235 2938; x_wconf 88' lang='lat' dir='ltr'>et</span> <span class='ocrx_word' id='word_1_217' title='bbox 1254 2892 1331 2949; x_wconf 58' lang='lat' dir='ltr'>idean</span> <span class='ocrx_word' id='word_1_218' title='bbox 1355 2891 1385 2938; x_wconf 81' lang='lat' dir='ltr'>Si</span> <span class='ocrx_word' id='word_1_219' title='bbox 1405 2890 1461 2952; x_wconf 81' lang='lat' dir='ltr'>quis</span> <span class='ocrx_word' id='word_1_220' title='bbox 1478 2891 1513 2937; x_wconf 86' lang='lat' dir='ltr'>ool</span> 
     </span>
     <span class='ocr_line' id='line_1_38' title="bbox 962 2971 1510 3031; baseline -0.005 -13"><span class='ocrx_word' id='word_1_221' title='bbox 962 2971 1014 3018; x_wconf 80' lang='lat' dir='ltr'>ista</span> <span class='ocrx_word' id='word_1_222' title='bbox 1032 2971 1104 3018; x_wconf 84' lang='lat' dir='ltr'>Deus</span> <span class='ocrx_word' id='word_1_223' title='bbox 1120 2971 1202 3019; x_wconf 84' lang='lat' dir='ltr'>subito</span> <span class='ocrx_word' id='word_1_224' title='bbox 1219 2974 1243 3018; x_wconf 88' lang='lat' dir='ltr'>te</span> <span class='ocrx_word' id='word_1_225' title='bbox 1260 2974 1332 3031; x_wconf 76' lang='lat' dir='ltr'>aqut,</span> <span class='ocrx_word' id='word_1_226' title='bbox 1348 2983 1424 3030; x_wconf 84' lang='lat' dir='ltr'>usque</span> <span class='ocrx_word' id='word_1_227' title='bbox 1440 2981 1510 3016; x_wconf 84' lang='lat' dir='ltr'>reon·</span> 
     </span>
     <span class='ocr_line' id='line_1_39' title="bbox 962 3047 1510 3111; baseline -0.004 -15"><span class='ocrx_word' id='word_1_228' title='bbox 962 3063 1009 3097; x_wconf 83' lang='lat' dir='ltr'>res.</span> <span class='ocrx_word' id='word_1_229' title='bbox 1043 3047 1137 3098; x_wconf 81' lang='lat' dir='ltr'>Seneca</span> <span class='ocrx_word' id='word_1_230' title='bbox 1161 3049 1242 3111; x_wconf 80' lang='lat' dir='ltr'>Epist.</span> <span class='ocrx_word' id='word_1_231' title='bbox 1267 3047 1307 3095; x_wconf 86' lang='grc'>96.</span> <span class='ocrx_word' id='word_1_232' title='bbox 1342 3049 1404 3109; x_wconf 83' lang='lat' dir='ltr'>Ipso</span> <span class='ocrx_word' id='word_1_233' title='bbox 1427 3052 1452 3096; x_wconf 88' lang='lat' dir='ltr'>te</span> <span class='ocrx_word' id='word_1_234' title='bbox 1473 3049 1510 3094; x_wconf 84' lang='lat' dir='ltr'>in·</span> 
     </span>
    </p>
   </div>
   <div class='ocr_carea' id='block_1_8' title="bbox 366 3124 1512 4780">
    <p class='ocr_par' dir='ltr' id='par_1_14' title="bbox 366 3124 1512 4780">
     <span class='ocr_line' id='line_1_40' title="bbox 368 3124 1512 3191; baseline -0.003 -16"><span class='ocrx_word' id='word_1_235' title='bbox 368 3127 590 3190; x_wconf 84' lang='lat' dir='ltr'>gantiusetmagis</span> <span class='ocrx_word' id='word_1_236' title='bbox 602 3126 777 3175; x_wconf 80' lang='lat' dir='ltr'>Horatiorum.</span> <span class='ocrx_word' id='word_1_237' title='bbox 794 3124 920 3188; x_wconf 85' lang='lat' dir='ltr'>Exempla</span> <span class='ocrx_word' id='word_1_238' title='bbox 962 3133 1077 3191; x_wconf 74' lang='lat' dir='ltr'>terroqa5</span> <span class='ocrx_word' id='word_1_239' title='bbox 1096 3131 1118 3178; x_wconf 79' lang='lat' dir='ltr'>ri</span> <span class='ocrx_word' id='word_1_240' title='bbox 1135 3129 1192 3191; x_wconf 78' lang='lat' dir='ltr'>quis</span> <span class='ocrx_word' id='word_1_241' title='bbox 1207 3131 1356 3190; x_wconf 80' lang='lat' dir='ltr'>potestatem</span> <span class='ocrx_word' id='word_1_242' title='bbox 1374 3127 1422 3173; x_wconf 82' lang='lat' dir='ltr'>tibi</span> <span class='ocrx_word' id='word_1_243' title='bbox 1439 3127 1512 3173; x_wconf 81' lang='lat' dir='ltr'>Deus</span> 
     </span>
     <span class='ocr_line' id='line_1_41' title="bbox 368 3203 1511 3269; baseline -0.008 -7"><span class='ocrx_word' id='word_1_244' title='bbox 368 3208 506 3256; x_wconf 66' lang='lat' dir='ltr'>Horatiano</span> <span class='ocrx_word' id='word_1_245' title='bbox 528 3207 593 3255; x_wconf 74' lang='lat' dir='ltr'>nihil</span> <span class='ocrx_word' id='word_1_246' title='bbox 615 3205 734 3269; x_wconf 69' lang='lat' dir='ltr'>p1&#39;0basst›</span> <span class='ocrx_word' id='word_1_247' title='bbox 754 3203 813 3266; x_wconf 61' lang='lat' dir='ltr'>quia</span> <span class='ocrx_word' id='word_1_248' title='bbox 830 3203 856 3251; x_wconf 90' lang='lat' dir='ltr'>in</span> <span class='ocrx_word' id='word_1_249' title='bbox 873 3211 920 3252; x_wconf 73' lang='lat' dir='ltr'>aut</span> <span class='ocrx_word' id='word_1_250' title='bbox 955 3206 1054 3269; x_wconf 80' lang='lat' dir='ltr'>faciut,</span> <span class='ocrx_word' id='word_1_251' title='bbox 1079 3214 1168 3256; x_wconf 85' lang='lat' dir='ltr'>utrum</span> <span class='ocrx_word' id='word_1_252' title='bbox 1189 3207 1250 3255; x_wconf 83' lang='lat' dir='ltr'>relic</span> <span class='ocrx_word' id='word_1_253' title='bbox 1266 3208 1348 3254; x_wconf 82' lang='lat' dir='ltr'>uiuere</span> <span class='ocrx_word' id='word_1_254' title='bbox 1364 3207 1390 3252; x_wconf 85' lang='lat' dir='ltr'>in</span> <span class='ocrx_word' id='word_1_255' title='bbox 1409 3205 1511 3253; x_wconf 70' lang='lat' dir='ltr'>naucella</span> 
     </span>
     <span class='ocr_line' id='line_1_42' title="bbox 370 3283 1510 3347; baseline -0.002 -13"><span class='ocrx_word' id='word_1_256' title='bbox 370 3289 478 3346; x_wconf 81' lang='lat' dir='ltr'>Nireus,</span> <span class='ocrx_word' id='word_1_257' title='bbox 499 3292 547 3335; x_wconf 85' lang='lat' dir='ltr'>aut</span> <span class='ocrx_word' id='word_1_258' title='bbox 565 3287 740 3343; x_wconf 77' lang='lat' dir='ltr'>Parrhasius,</span> <span class='ocrx_word' id='word_1_259' title='bbox 759 3290 806 3347; x_wconf 76' lang='lat' dir='ltr'>aut</span> <span class='ocrx_word' id='word_1_260' title='bbox 822 3285 920 3333; x_wconf 80' lang='lat' dir='ltr'>insanit</span> <span class='ocrx_word' id='word_1_261' title='bbox 961 3302 994 3335; x_wconf 91' lang='lat' dir='ltr'>an</span> <span class='ocrx_word' id='word_1_262' title='bbox 1012 3290 1041 3336; x_wconf 84' lang='lat' dir='ltr'>in</span> <span class='ocrx_word' id='word_1_263' title='bbox 1057 3290 1157 3337; x_wconf 79' lang='lat' dir='ltr'>rastris.</span> <span class='ocrx_word' id='word_1_264' title='bbox 1192 3287 1288 3336; x_wconf 90' lang='lat' dir='ltr'>Auctor</span> <span class='ocrx_word' id='word_1_265' title='bbox 1310 3285 1378 3334; x_wconf 86' lang='lat' dir='ltr'>Dial.</span> <span class='ocrx_word' id='word_1_266' title='bbox 1401 3286 1431 3332; x_wconf 85' lang='lat' dir='ltr'>de</span> <span class='ocrx_word' id='word_1_267' title='bbox 1448 3283 1510 3334; x_wconf 88' lang='lat' dir='ltr'>Ora-</span> 
     </span>
     <span class='ocr_line' id='line_1_43' title="bbox 368 3365 1511 3429; baseline -0.003 -15"><span class='ocrx_word' id='word_1_268' title='bbox 368 3375 475 3416; x_wconf 88' lang='lat' dir='ltr'>metrum</span> <span class='ocrx_word' id='word_1_269' title='bbox 498 3368 551 3416; x_wconf 90' lang='lat' dir='ltr'>sine</span> <span class='ocrx_word' id='word_1_270' title='bbox 572 3365 694 3429; x_wconf 86' lang='lat' dir='ltr'>particula</span> <span class='ocrx_word' id='word_1_271' title='bbox 715 3379 766 3412; x_wconf 88' lang='lat' dir='ltr'>non</span> <span class='ocrx_word' id='word_1_272' title='bbox 786 3370 918 3412; x_wconf 85' lang='lat' dir='ltr'>constaret.</span> <span class='ocrx_word' id='word_1_273' title='bbox 961 3372 1006 3414; x_wconf 90' lang='lat' dir='ltr'>tor.</span> <span class='ocrx_word' id='word_1_274' title='bbox 1024 3367 1064 3415; x_wconf 84' lang='grc'>41.</span> <span class='ocrx_word' id='word_1_275' title='bbox 1101 3367 1131 3415; x_wconf 82' lang='lat' dir='ltr'>Si</span> <span class='ocrx_word' id='word_1_276' title='bbox 1152 3371 1199 3413; x_wconf 75' lang='lat' dir='ltr'>aaut</span> <span class='ocrx_word' id='word_1_277' title='bbox 1221 3379 1263 3413; x_wconf 83' lang='lat' dir='ltr'>ror</span> <span class='ocrx_word' id='word_1_278' title='bbox 1284 3365 1412 3426; x_wconf 69' lang='lat' dir='ltr'>primibus</span> <span class='ocrx_word' id='word_1_279' title='bbox 1427 3376 1511 3413; x_wconf 79' lang='lat' dir='ltr'>saecu·</span> 
     </span>
     <span class='ocr_line' id='line_1_44' title="bbox 367 3444 1511 3510; baseline -0.003 -15"><span class='ocrx_word' id='word_1_280' title='bbox 367 3448 438 3495; x_wconf 80' lang='lat' dir='ltr'>Etsi</span> <span class='ocrx_word' id='word_1_281' title='bbox 455 3446 563 3510; x_wconf 86' lang='lat' dir='ltr'>legimus</span> <span class='ocrx_word' id='word_1_282' title='bbox 580 3450 702 3493; x_wconf 82' lang='lat' dir='ltr'>momento</span> <span class='ocrx_word' id='word_1_283' title='bbox 715 3447 782 3501; x_wconf 84' lang='lat' dir='ltr'>rita,</span> <span class='ocrx_word' id='word_1_284' title='bbox 796 3444 919 3505; x_wconf 85' lang='lat' dir='ltr'>particula</span> <span class='ocrx_word' id='word_1_285' title='bbox 961 3447 1003 3504; x_wconf 82' lang='lat' dir='ltr'>lis,</span> <span class='ocrx_word' id='word_1_286' title='bbox 1021 3452 1067 3493; x_wconf 88' lang='lat' dir='ltr'>aut</span> <span class='ocrx_word' id='word_1_287' title='bbox 1085 3447 1143 3502; x_wconf 80' lang='lat' dir='ltr'>isti,</span> <span class='ocrx_word' id='word_1_288' title='bbox 1166 3459 1225 3507; x_wconf 84' lang='lat' dir='ltr'>qnos</span> <span class='ocrx_word' id='word_1_289' title='bbox 1242 3446 1379 3502; x_wconf 72' lang='lat' dir='ltr'>attrutinat,</span> <span class='ocrx_word' id='word_1_290' title='bbox 1398 3444 1437 3492; x_wconf 81' lang='lat' dir='ltr'>tris</span> <span class='ocrx_word' id='word_1_291' title='bbox 1453 3445 1511 3492; x_wconf 80' lang='lat' dir='ltr'>nati</span> 
     </span>
     <span class='ocr_line' id='line_1_45' title="bbox 367 3524 1508 3589; baseline -0.003 -15"><span class='ocrx_word' id='word_1_292' title='bbox 367 3533 412 3575; x_wconf 85' lang='lat' dir='ltr'>aut</span> <span class='ocrx_word' id='word_1_293' title='bbox 428 3527 561 3589; x_wconf 83' lang='lat' dir='ltr'>cogitando</span> <span class='ocrx_word' id='word_1_294' title='bbox 577 3525 697 3588; x_wconf 86' lang='lat' dir='ltr'>repetitur</span> <span class='ocrx_word' id='word_1_295' title='bbox 713 3538 745 3572; x_wconf 82' lang='lat' dir='ltr'>ex</span> <span class='ocrx_word' id='word_1_296' title='bbox 762 3539 798 3586; x_wconf 91' lang='lat' dir='ltr'>sq.</span> <span class='ocrx_word' id='word_1_297' title='bbox 820 3529 867 3571; x_wconf 86' lang='lat' dir='ltr'>aut</span> <span class='ocrx_word' id='word_1_298' title='bbox 883 3525 917 3572; x_wconf 82' lang='lat' dir='ltr'>ui·</span> <span class='ocrx_word' id='word_1_299' title='bbox 961 3531 1054 3586; x_wconf 78' lang='lat' dir='ltr'>essent,</span> <span class='ocrx_word' id='word_1_300' title='bbox 1073 3540 1102 3574; x_wconf 89' lang='lat' dir='ltr'>ac</span> <span class='ocrx_word' id='word_1_301' title='bbox 1120 3526 1193 3573; x_wconf 79' lang='lat' dir='ltr'>Deua</span> <span class='ocrx_word' id='word_1_302' title='bbox 1210 3524 1303 3585; x_wconf 78' lang='lat' dir='ltr'>aliquis</span> <span class='ocrx_word' id='word_1_303' title='bbox 1320 3525 1387 3572; x_wconf 81' lang='lat' dir='ltr'>uitas</span> <span class='ocrx_word' id='word_1_304' title='bbox 1404 3529 1508 3581; x_wconf 80' lang='lat' dir='ltr'>uestras,</span> 
     </span>
     <span class='ocr_line' id='line_1_46' title="bbox 367 3602 1509 3666; baseline -0.006 -11"><span class='ocrx_word' id='word_1_305' title='bbox 367 3609 448 3656; x_wconf 78' lang='lat' dir='ltr'>utorio</span> <span class='ocrx_word' id='word_1_306' title='bbox 466 3609 543 3654; x_wconf 82' lang='lat' dir='ltr'>laeta.</span> <span class='ocrx_word' id='word_1_307' title='bbox 574 3604 657 3653; x_wconf 89' lang='lat' dir='ltr'>Bentl.</span> <span class='ocrx_word' id='word_1_308' title='bbox 675 3603 789 3652; x_wconf 87' lang='lat' dir='ltr'>librarios</span> <span class='ocrx_word' id='word_1_309' title='bbox 806 3602 918 3652; x_wconf 91' lang='lat' dir='ltr'>omisisse</span> <span class='ocrx_word' id='word_1_310' title='bbox 960 3610 1046 3652; x_wconf 84' lang='lat' dir='ltr'>uortra</span> <span class='ocrx_word' id='word_1_311' title='bbox 1072 3611 1184 3666; x_wconf 79' lang='lat' dir='ltr'>tarrpora</span> <span class='ocrx_word' id='word_1_312' title='bbox 1209 3607 1348 3658; x_wconf 79' lang='lat' dir='ltr'>mutuaret,</span> <span class='ocrx_word' id='word_1_313' title='bbox 1373 3617 1417 3650; x_wconf 87' lang='lat' dir='ltr'>nec</span> <span class='ocrx_word' id='word_1_314' title='bbox 1442 3603 1509 3650; x_wconf 75' lang='lat' dir='ltr'>uobis·</span> 
     </span>
     <span class='ocr_line' id='line_1_47' title="bbox 367 3681 1508 3749; baseline -0.004 -17"><span class='ocrx_word' id='word_1_315' title='bbox 367 3692 449 3747; x_wconf 86' lang='lat' dir='ltr'>putat,</span> <span class='ocrx_word' id='word_1_316' title='bbox 475 3685 534 3749; x_wconf 85' lang='lat' dir='ltr'>quia</span> <span class='ocrx_word' id='word_1_317' title='bbox 557 3686 640 3733; x_wconf 88' lang='lat' dir='ltr'>demto</span> <span class='ocrx_word' id='word_1_318' title='bbox 664 3689 711 3730; x_wconf 89' lang='lat' dir='ltr'>aut</span> <span class='ocrx_word' id='word_1_319' title='bbox 736 3697 809 3730; x_wconf 89' lang='lat' dir='ltr'>suum</span> <span class='ocrx_word' id='word_1_320' title='bbox 834 3683 918 3730; x_wconf 83' lang='lat' dir='ltr'>versui</span> <span class='ocrx_word' id='word_1_321' title='bbox 959 3697 1059 3732; x_wconf 74' lang='lat' dir='ltr'>curuata</span> <span class='ocrx_word' id='word_1_322' title='bbox 1075 3684 1121 3730; x_wconf 84' lang='lat' dir='ltr'>illa</span> <span class='ocrx_word' id='word_1_323' title='bbox 1140 3683 1195 3729; x_wconf 86' lang='lat' dir='ltr'>laus</span> <span class='ocrx_word' id='word_1_324' title='bbox 1212 3686 1237 3729; x_wconf 86' lang='lat' dir='ltr'>et</span> <span class='ocrx_word' id='word_1_325' title='bbox 1253 3681 1334 3743; x_wconf 77' lang='lat' dir='ltr'>qloria</span> <span class='ocrx_word' id='word_1_326' title='bbox 1353 3682 1380 3728; x_wconf 85' lang='lat' dir='ltr'>in</span> <span class='ocrx_word' id='word_1_327' title='bbox 1396 3681 1508 3742; x_wconf 82' lang='lat' dir='ltr'>eloquen-</span> 
     </span>
     <span class='ocr_line' id='line_1_48' title="bbox 367 3761 1509 3825; baseline -0.007 -11"><span class='ocrx_word' id='word_1_328' title='bbox 367 3773 473 3814; x_wconf 87' lang='lat' dir='ltr'>metrum</span> <span class='ocrx_word' id='word_1_329' title='bbox 490 3763 624 3813; x_wconf 83' lang='lat' dir='ltr'>constabat.</span> <span class='ocrx_word' id='word_1_330' title='bbox 658 3763 735 3811; x_wconf 88' lang='lat' dir='ltr'>Dietu</span> <span class='ocrx_word' id='word_1_331' title='bbox 752 3761 854 3810; x_wconf 89' lang='lat' dir='ltr'>difficile</span> <span class='ocrx_word' id='word_1_332' title='bbox 871 3768 917 3818; x_wconf 86' lang='lat' dir='ltr'>cst,</span> <span class='ocrx_word' id='word_1_333' title='bbox 961 3763 1011 3820; x_wconf 84' lang='lat' dir='ltr'>tia,</span> <span class='ocrx_word' id='word_1_334' title='bbox 1029 3777 1106 3825; x_wconf 83' lang='lat' dir='ltr'>neque</span> <span class='ocrx_word' id='word_1_335' title='bbox 1122 3761 1174 3809; x_wconf 80' lang='lat' dir='ltr'>iltis</span> <span class='ocrx_word' id='word_1_336' title='bbox 1191 3761 1278 3808; x_wconf 78' lang='lat' dir='ltr'>arodus</span> <span class='ocrx_word' id='word_1_337' title='bbox 1291 3764 1316 3807; x_wconf 86' lang='lat' dir='ltr'>et</span> <span class='ocrx_word' id='word_1_338' title='bbox 1331 3764 1509 3820; x_wconf 80' lang='lat' dir='ltr'>temperamen-</span> 
     </span>
     <span class='ocr_line' id='line_1_49' title="bbox 367 3839 1509 3905; baseline -0.003 -15"><span class='ocrx_word' id='word_1_339' title='bbox 367 3852 450 3893; x_wconf 88' lang='lat' dir='ltr'>utrum</span> <span class='ocrx_word' id='word_1_340' title='bbox 472 3844 500 3892; x_wconf 89' lang='lat' dir='ltr'>in</span> <span class='ocrx_word' id='word_1_341' title='bbox 519 3844 564 3891; x_wconf 86' lang='lat' dir='ltr'>tali</span> <span class='ocrx_word' id='word_1_342' title='bbox 586 3857 673 3890; x_wconf 85' lang='lat' dir='ltr'>caussa</span> <span class='ocrx_word' id='word_1_343' title='bbox 695 3843 727 3890; x_wconf 92' lang='lat' dir='ltr'>sit</span> <span class='ocrx_word' id='word_1_344' title='bbox 743 3842 916 3900; x_wconf 87' lang='lat' dir='ltr'>librariorum,</span> <span class='ocrx_word' id='word_1_345' title='bbox 961 3848 1014 3891; x_wconf 83' lang='lat' dir='ltr'>turn</span> <span class='ocrx_word' id='word_1_346' title='bbox 1032 3842 1162 3905; x_wconf 67' lang='lat' dir='ltr'>affuisset.</span> <span class='ocrx_word' id='word_1_347' title='bbox 1193 3841 1322 3889; x_wconf 83' lang='lat' dir='ltr'>Maximus</span> <span class='ocrx_word' id='word_1_348' title='bbox 1343 3839 1436 3902; x_wconf 88' lang='lat' dir='ltr'>Tyrius</span> <span class='ocrx_word' id='word_1_349' title='bbox 1452 3840 1509 3888; x_wconf 92' lang='lat' dir='ltr'>Dis·</span> 
     </span>
     <span class='ocr_line' id='line_1_50' title="bbox 367 3919 1508 3987; baseline -0.004 -14"><span class='ocrx_word' id='word_1_350' title='bbox 367 3939 398 3972; x_wconf 86' lang='lat' dir='ltr'>an</span> <span class='ocrx_word' id='word_1_351' title='bbox 420 3924 575 3987; x_wconf 82' lang='lat' dir='ltr'>scriptorum.</span> <span class='ocrx_word' id='word_1_352' title='bbox 609 3923 730 3970; x_wconf 82' lang='lat' dir='ltr'>Davisius</span> <span class='ocrx_word' id='word_1_353' title='bbox 752 3923 784 3969; x_wconf 89' lang='lat' dir='ltr'>ad</span> <span class='ocrx_word' id='word_1_354' title='bbox 804 3919 916 3970; x_wconf 84' lang='lat' dir='ltr'>Ciceron.</span> <span class='ocrx_word' id='word_1_355' title='bbox 959 3928 1016 3970; x_wconf 91' lang='lat' dir='ltr'>sert.</span> <span class='ocrx_word' id='word_1_356' title='bbox 1034 3921 1069 3970; x_wconf 92' lang='lat' dir='ltr'>V.</span> <span class='ocrx_word' id='word_1_357' title='bbox 1087 3937 1110 3983; x_wconf 90' lang='lat' dir='ltr'>p.</span> <span class='ocrx_word' id='word_1_358' title='bbox 1122 3921 1162 3968; x_wconf 84' lang='grc'>56.</span> <span class='ocrx_word' id='word_1_359' title='bbox 1180 3921 1221 3968; x_wconf 82' lang='lat' dir='ltr'>rai</span> <span class='ocrx_word' id='word_1_360' title='bbox 1239 3921 1259 3968; x_wconf 82' lang='grc' dir='ltr'>ἕι</span> <span class='ocrx_word' id='word_1_361' title='bbox 1278 3937 1316 3976; x_wconf 82' lang='grc' dir='ltr'>τις</span> <span class='ocrx_word' id='word_1_362' title='bbox 1334 3919 1406 3980; x_wconf 75' lang='grc' dir='ltr'><em>θεῶν,</em></span> <span class='ocrx_word' id='word_1_363' title='bbox 1424 3919 1508 3984; x_wconf 82' lang='grc' dir='ltr'>ὥσπερ</span> 
     </span>
     <span class='ocr_line' id='line_1_51' title="bbox 368 3995 1509 4065; baseline -0.006 -12"><span class='ocrx_word' id='word_1_364' title='bbox 368 4002 441 4053; x_wconf 61' lang='lat' dir='ltr'>hac.</span> <span class='ocrx_word' id='word_1_365' title='bbox 450 4003 500 4053; x_wconf 88' lang='lat' dir='ltr'>lv.</span> <span class='ocrx_word' id='word_1_366' title='bbox 512 4003 551 4051; x_wconf 84' lang='lat'>12.</span> <span class='ocrx_word' id='word_1_367' title='bbox 568 4002 705 4059; x_wconf 84' lang='lat' dir='ltr'>annotavit,</span> <span class='ocrx_word' id='word_1_368' title='bbox 719 4001 773 4049; x_wconf 88' lang='lat' dir='ltr'>fieri</span> <span class='ocrx_word' id='word_1_369' title='bbox 783 4001 916 4065; x_wconf 88' lang='lat' dir='ltr'>aliquando</span> <span class='ocrx_word' id='word_1_370' title='bbox 959 4001 986 4049; x_wconf 80' lang='grc' dir='ltr'>ἐν</span> <span class='ocrx_word' id='word_1_371' title='bbox 1004 3999 1111 4064; x_wconf 81' lang='grc' dir='ltr'>δράματι</span> <span class='ocrx_word' id='word_1_372' title='bbox 1128 3998 1274 4061; x_wconf 74' lang='grc' dir='ltr'><strong><em>ὑποκριτὴς,</em></strong></span> <span class='ocrx_word' id='word_1_373' title='bbox 1293 3995 1427 4054; x_wconf 82' lang='grc' dir='ltr'><em>ἀποδύσας</em></span> <span class='ocrx_word' id='word_1_374' title='bbox 1440 3995 1509 4046; x_wconf 76' lang='grc' dir='ltr'><em>’ἑκασ-</em></span> 
     </span>
     <span class='ocr_line' id='line_1_52' title="bbox 366 4074 1508 4145; baseline -0.007 -14"><span class='ocrx_word' id='word_1_375' title='bbox 366 4096 449 4144; x_wconf 81' lang='lat' dir='ltr'>posse,</span> <span class='ocrx_word' id='word_1_376' title='bbox 471 4088 513 4140; x_wconf 89' lang='lat' dir='ltr'>ut,</span> <span class='ocrx_word' id='word_1_377' title='bbox 531 4082 596 4145; x_wconf 90' lang='lat' dir='ltr'>quod</span> <span class='ocrx_word' id='word_1_378' title='bbox 612 4080 728 4128; x_wconf 85' lang='lat' dir='ltr'>librarius</span> <span class='ocrx_word' id='word_1_379' title='bbox 746 4080 868 4135; x_wconf 86' lang='lat' dir='ltr'>omiserit,</span> <span class='ocrx_word' id='word_1_380' title='bbox 885 4079 916 4127; x_wconf 87' lang='lat' dir='ltr'>ab</span> <span class='ocrx_word' id='word_1_381' title='bbox 958 4098 1005 4129; x_wconf 84' lang='grc' dir='ltr'>τον</span> <span class='ocrx_word' id='word_1_382' title='bbox 1023 4081 1067 4128; x_wconf 79' lang='grc' dir='ltr'>τοῦ</span> <span class='ocrx_word' id='word_1_383' title='bbox 1086 4077 1215 4140; x_wconf 81' lang='grc' dir='ltr'>παρόντος</span> <span class='ocrx_word' id='word_1_384' title='bbox 1231 4076 1292 4138; x_wconf 84' lang='grc' dir='ltr'>βίου</span> <span class='ocrx_word' id='word_1_385' title='bbox 1310 4076 1350 4122; x_wconf 83' lang='lat' dir='ltr'>rai</span> <span class='ocrx_word' id='word_1_386' title='bbox 1362 4074 1508 4138; x_wconf 75' lang='grc' dir='ltr'><strong><em>σχήματος,</em></strong></span> 
     </span>
     <span class='ocr_line' id='line_1_53' title="bbox 366 4154 1509 4225; baseline -0.005 -18"><span class='ocrx_word' id='word_1_387' title='bbox 366 4161 418 4224; x_wconf 90' lang='lat' dir='ltr'>ipso</span> <span class='ocrx_word' id='word_1_388' title='bbox 434 4162 561 4225; x_wconf 86' lang='lat' dir='ltr'>scriptore,</span> <span class='ocrx_word' id='word_1_389' title='bbox 573 4160 699 4209; x_wconf 86' lang='lat' dir='ltr'>brevitatis</span> <span class='ocrx_word' id='word_1_390' title='bbox 709 4161 915 4223; x_wconf 89' lang='lat' dir='ltr'>studio‚praeter·</span> <span class='ocrx_word' id='word_1_391' title='bbox 957 4156 1114 4224; x_wconf 81' lang='grc' dir='ltr'>μεταμφιέσει</span> <span class='ocrx_word' id='word_1_392' title='bbox 1131 4157 1163 4204; x_wconf 81' lang='grc' dir='ltr'>τὰ</span> <span class='ocrx_word' id='word_1_393' title='bbox 1182 4154 1370 4214; x_wconf 79' lang='grc' dir='ltr'>τοῢ·πλησίου,</span> <span class='ocrx_word' id='word_1_394' title='bbox 1389 4154 1462 4210; x_wconf 69' lang='grc' dir='ltr'><strong><em>αὖθις</em></strong></span> <span class='ocrx_word' id='word_1_395' title='bbox 1476 4155 1509 4202; x_wconf 84' lang='grc' dir='ltr'>αὖ</span> 
     </span>
     <span class='ocr_line' id='line_1_54' title="bbox 367 4231 1510 4304; baseline -0.011 -14"><span class='ocrx_word' id='word_1_396' title='bbox 367 4241 470 4290; x_wconf 82' lang='lat' dir='ltr'>missum</span> <span class='ocrx_word' id='word_1_397' title='bbox 487 4246 593 4304; x_wconf 85' lang='lat' dir='ltr'>putetur.</span> <span class='ocrx_word' id='word_1_398' title='bbox 628 4239 730 4288; x_wconf 84' lang='lat' dir='ltr'>Ruhnk.</span> <span class='ocrx_word' id='word_1_399' title='bbox 748 4241 780 4286; x_wconf 89' lang='lat' dir='ltr'>ad</span> <span class='ocrx_word' id='word_1_400' title='bbox 788 4238 914 4288; x_wconf 75' lang='lat' dir='ltr'>VoltPa-</span> <span class='ocrx_word' id='word_1_401' title='bbox 959 4238 981 4286; x_wconf 82' lang='lat' dir='ltr'>oi</span> <span class='ocrx_word' id='word_1_402' title='bbox 999 4236 1071 4285; x_wconf 76' lang='grc' dir='ltr'>αὐτοὶ</span> <span class='ocrx_word' id='word_1_403' title='bbox 1089 4236 1179 4282; x_wconf 81' lang='grc' dir='ltr'>’ἐκεῖνοι</span> <span class='ocrx_word' id='word_1_404' title='bbox 1194 4231 1335 4290; x_wconf 68' lang='grc' dir='ltr'>ποθήσουσι</span> <span class='ocrx_word' id='word_1_405' title='bbox 1348 4234 1395 4295; x_wconf 86' lang='grc' dir='ltr'>μὲν</span> <span class='ocrx_word' id='word_1_406' title='bbox 1409 4233 1441 4280; x_wconf 82' lang='grc' dir='ltr'>τὰ</span> <span class='ocrx_word' id='word_1_407' title='bbox 1450 4233 1510 4295; x_wconf 76' lang='grc' dir='ltr'>πρό-</span> 
     </span>
     <span class='ocr_line' id='line_1_55' title="bbox 366 4309 1507 4378; baseline -0.009 -10"><span class='ocrx_word' id='word_1_408' title='bbox 366 4319 535 4370; x_wconf 81' lang='lat' dir='ltr'>tore.11.110.</span> <span class='ocrx_word' id='word_1_409' title='bbox 569 4319 702 4367; x_wconf 83' lang='lat' dir='ltr'>Davisium</span> <span class='ocrx_word' id='word_1_410' title='bbox 720 4332 778 4366; x_wconf 87' lang='lat' dir='ltr'>vere</span> <span class='ocrx_word' id='word_1_411' title='bbox 795 4317 916 4366; x_wconf 84' lang='lat' dir='ltr'>iudicasse</span> <span class='ocrx_word' id='word_1_412' title='bbox 959 4335 1025 4378; x_wconf 78' lang='grc' dir='ltr'>τερα,</span> <span class='ocrx_word' id='word_1_413' title='bbox 1042 4313 1190 4378; x_wconf 79' lang='grc' dir='ltr'>ὀδυροῦνται</span> <span class='ocrx_word' id='word_1_414' title='bbox 1216 4309 1241 4358; x_wconf 79' lang='grc' dir='ltr'>δὲ</span> <span class='ocrx_word' id='word_1_415' title='bbox 1267 4311 1298 4359; x_wconf 83' lang='grc' dir='ltr'>τὰ</span> <span class='ocrx_word' id='word_1_416' title='bbox 1317 4310 1441 4374; x_wconf 72' lang='grc' dir='ltr'><em>παρόντα.</em></span> <span class='ocrx_word' id='word_1_417' title='bbox 1476 4310 1507 4358; x_wconf 93' lang='lat' dir='ltr'>In</span> 
     </span>
     <span class='ocr_line' id='line_1_56' title="bbox 367 4391 1508 4461; baseline -0.01 -12"><span class='ocrx_word' id='word_1_418' title='bbox 367 4400 507 4449; x_wconf 86' lang='lat' dir='ltr'>arbitratur.</span> <span class='ocrx_word' id='word_1_419' title='bbox 550 4399 673 4461; x_wconf 82' lang='lat' dir='ltr'>Equidem</span> <span class='ocrx_word' id='word_1_420' title='bbox 706 4406 731 4446; x_wconf 88' lang='lat' dir='ltr'>et</span> <span class='ocrx_word' id='word_1_421' title='bbox 755 4398 796 4445; x_wconf 92' lang='lat' dir='ltr'>hic</span> <span class='ocrx_word' id='word_1_422' title='bbox 821 4397 916 4459; x_wconf 86' lang='lat' dir='ltr'>aliquid</span> <span class='ocrx_word' id='word_1_423' title='bbox 958 4396 996 4444; x_wconf 90' lang='lat' dir='ltr'>his</span> <span class='ocrx_word' id='word_1_424' title='bbox 1014 4393 1134 4456; x_wconf 84' lang='lat' dir='ltr'>exemplis</span> <span class='ocrx_word' id='word_1_425' title='bbox 1151 4396 1247 4439; x_wconf 86' lang='lat' dir='ltr'>tantum</span> <span class='ocrx_word' id='word_1_426' title='bbox 1264 4396 1427 4446; x_wconf 86' lang='lat' dir='ltr'>memoratur,</span> <span class='ocrx_word' id='word_1_427' title='bbox 1449 4391 1508 4453; x_wconf 90' lang='lat' dir='ltr'>quid</span> 
     </span>
     <span class='ocr_line' id='line_1_57' title="bbox 367 4468 1508 4530; baseline -0.011 -2"><span class='ocrx_word' id='word_1_428' title='bbox 367 4492 426 4528; x_wconf 85' lang='lat' dir='ltr'>sono</span> <span class='ocrx_word' id='word_1_429' title='bbox 449 4480 559 4527; x_wconf 86' lang='lat' dir='ltr'>dandum</span> <span class='ocrx_word' id='word_1_430' title='bbox 584 4478 673 4527; x_wconf 89' lang='lat' dir='ltr'>iudico.</span> <span class='ocrx_word' id='word_1_431' title='bbox 714 4478 845 4526; x_wconf 81' lang='lat' dir='ltr'>Mourento</span> <span class='ocrx_word' id='word_1_432' title='bbox 870 4482 917 4525; x_wconf 86' lang='lat' dir='ltr'>out</span> <span class='ocrx_word' id='word_1_433' title='bbox 958 4474 1070 4522; x_wconf 86' lang='lat' dir='ltr'>homines</span> <span class='ocrx_word' id='word_1_434' title='bbox 1096 4469 1228 4526; x_wconf 88' lang='lat' dir='ltr'>senserint,</span> <span class='ocrx_word' id='word_1_435' title='bbox 1245 4468 1266 4515; x_wconf 92' lang='lat' dir='ltr'>si</span> <span class='ocrx_word' id='word_1_436' title='bbox 1291 4468 1345 4530; x_wconf 90' lang='lat' dir='ltr'>quis</span> <span class='ocrx_word' id='word_1_437' title='bbox 1371 4469 1440 4516; x_wconf 88' lang='lat' dir='ltr'>Deus</span> <span class='ocrx_word' id='word_1_438' title='bbox 1457 4468 1508 4517; x_wconf 88' lang='lat' dir='ltr'>illis</span> 
     </span>
     <span class='ocr_line' id='line_1_58' title="bbox 367 4548 1508 4622; baseline -0.011 -14"><span class='ocrx_word' id='word_1_439' title='bbox 367 4560 418 4608; x_wconf 83' lang='lat' dir='ltr'>cita</span> <span class='ocrx_word' id='word_1_440' title='bbox 437 4574 518 4616; x_wconf 83' lang='lat' dir='ltr'>mors,</span> <span class='ocrx_word' id='word_1_441' title='bbox 543 4558 641 4622; x_wconf 90' lang='lat' dir='ltr'>plenius</span> <span class='ocrx_word' id='word_1_442' title='bbox 664 4571 692 4605; x_wconf 80' lang='lat' dir='ltr'>aa</span> <span class='ocrx_word' id='word_1_443' title='bbox 713 4556 815 4606; x_wconf 84' lang='lat' dir='ltr'>suavius</span> <span class='ocrx_word' id='word_1_444' title='bbox 836 4562 915 4603; x_wconf 88' lang='lat' dir='ltr'>sonat.</span> <span class='ocrx_word' id='word_1_445' title='bbox 958 4555 1003 4602; x_wconf 89' lang='lat' dir='ltr'>hoc</span> <span class='ocrx_word' id='word_1_446' title='bbox 1028 4553 1070 4601; x_wconf 80' lang='lat' dir='ltr'>rel</span> <span class='ocrx_word' id='word_1_447' title='bbox 1094 4551 1158 4599; x_wconf 89' lang='lat' dir='ltr'>illud</span> <span class='ocrx_word' id='word_1_448' title='bbox 1183 4548 1348 4597; x_wconf 88' lang='lat' dir='ltr'>concessisset.</span> <span class='ocrx_word' id='word_1_449' title='bbox 1390 4548 1429 4596; x_wconf 93' lang='lat' dir='ltr'>De</span> <span class='ocrx_word' id='word_1_450' title='bbox 1453 4548 1508 4596; x_wconf 88' lang='lat' dir='ltr'>Deo</span> 
     </span>
     <span class='ocr_line' id='line_1_59' title="bbox 367 4626 1509 4700; baseline -0.013 -11"><span class='ocrx_word' id='word_1_451' title='bbox 367 4637 439 4699; x_wconf 87' lang='lat' dir='ltr'>Quod</span> <span class='ocrx_word' id='word_1_452' title='bbox 462 4638 546 4688; x_wconf 87' lang='lat' dir='ltr'>Bentl.</span> <span class='ocrx_word' id='word_1_453' title='bbox 571 4639 709 4687; x_wconf 85' lang='lat' dir='ltr'>ominosum</span> <span class='ocrx_word' id='word_1_454' title='bbox 734 4636 808 4700; x_wconf 86' lang='lat' dir='ltr'>plane</span> <span class='ocrx_word' id='word_1_455' title='bbox 832 4642 857 4683; x_wconf 87' lang='lat' dir='ltr'>ct</span> <span class='ocrx_word' id='word_1_456' title='bbox 881 4635 917 4682; x_wconf 91' lang='lat' dir='ltr'>in·</span> <span class='ocrx_word' id='word_1_457' title='bbox 958 4633 1022 4682; x_wconf 89' lang='lat' dir='ltr'>nihil</span> <span class='ocrx_word' id='word_1_458' title='bbox 1044 4637 1170 4695; x_wconf 87' lang='lat' dir='ltr'>praeterea</span> <span class='ocrx_word' id='word_1_459' title='bbox 1192 4628 1313 4676; x_wconf 87' lang='lat' dir='ltr'>adiicitur.</span> <span class='ocrx_word' id='word_1_460' title='bbox 1347 4626 1509 4681; x_wconf 85' lang='lat' dir='ltr'>Videbimus,</span> 
     </span>
     <span class='ocr_line' id='line_1_60' title="bbox 368 4707 1424 4780; baseline -0.011 -14"><span class='ocrx_word' id='word_1_461' title='bbox 368 4719 475 4768; x_wconf 80' lang='lat' dir='ltr'>faustum</span> <span class='ocrx_word' id='word_1_462' title='bbox 488 4719 560 4775; x_wconf 89' lang='lat' dir='ltr'>dicit,</span> <span class='ocrx_word' id='word_1_463' title='bbox 573 4718 621 4766; x_wconf 90' lang='lat' dir='ltr'>nisi</span> <span class='ocrx_word' id='word_1_464' title='bbox 633 4716 754 4780; x_wconf 87' lang='lat' dir='ltr'>particula</span> <span class='ocrx_word' id='word_1_465' title='bbox 769 4714 918 4764; x_wconf 84' lang='lat' dir='ltr'>disiunctiva</span> <span class='ocrx_word' id='word_1_466' title='bbox 960 4713 1020 4776; x_wconf 90' lang='lat' dir='ltr'>quid</span> <span class='ocrx_word' id='word_1_467' title='bbox 1036 4709 1154 4759; x_wconf 86' lang='lat' dir='ltr'>Horatius</span> <span class='ocrx_word' id='word_1_468' title='bbox 1172 4708 1288 4757; x_wconf 87' lang='lat' dir='ltr'>adiecisse</span> <span class='ocrx_word' id='word_1_469' title='bbox 1305 4707 1424 4755; x_wconf 85' lang='lat' dir='ltr'>videatur.</span> 
     </span>
    </p>
   </div>
   <div class='ocr_carea' id='block_1_9' title="bbox 1333 4788 1376 4848">
    <p class='ocr_par' dir='ltr' id='par_1_15' title="bbox 1333 4788 1376 4848">
     <span class='ocr_line' id='line_1_61' title="bbox 1333 4788 1376 4848; baseline 0 -27"><span class='ocrx_word' id='word_1_470' title='bbox 1333 4788 1376 4848; x_wconf 71' lang='lat' dir='ltr'>l*</span> 
     </span>
    </p>
   </div>
   <div class='ocr_carea' id='block_1_10' title="bbox 0 0 1880 5759">
    <p class='ocr_par' dir='ltr' id='par_1_16' title="bbox 0 0 1880 5759">
     <span class='ocr_line' id='line_1_62' title="bbox 0 0 1880 5759; baseline 0 2"><span class='ocrx_word' id='word_1_471' title='bbox 0 0 1880 5759; x_wconf 95' lang='lat' dir='ltr'> </span> 
     </span>
    </p>
   </div>
  </div>
 </body>
</html>
