3750 5759
758 658 1111 730 SATIRARUM

407 852 454 916 Et
476 852 701 939 quodcumque
725 848 825 914 semel
849 847 972 915 chartis
995 844 1151 926 illeverit,
1176 863 1289 907 omnes

409 956 539 1023 Gestiet
561 977 581 1020 a
604 953 700 1018 furno
723 951 895 1018 redeuntes
919 951 1002 1018 scire
1024 951 1163 1034 lacuque

410 1058 455 1123 Et
476 1080 593 1144 pueros
617 1066 651 1122 et
673 1059 792 1121 anus.“
837 1056 1012 1142 Agedum,
1036 1074 1142 1140 pauca
1163 1047 1273 1134 accipe
1295 1052 1416 1116 contra.

409 1161 558 1227 Primum
582 1183 642 1247 ego
665 1181 719 1225 me
741 1159 890 1243 illorum,
916 1157 1062 1225 dederim
1086 1155 1204 1241 quibus
1228 1174 1300 1220 esse
1322 1152 1443 1239 poetis,

410 1264 593 1349 Excerpam
616 1284 770 1328 numero:
795 1261 1012 1348 nequeenim
1036 1258 1227 1325 concludere
1249 1277 1381 1322 versum

410 1366 540 1433 Dixeris
564 1389 635 1434 esse
658 1365 755 1444 satis3
780 1387 902 1451 neque,
928 1364 957 1431 si
981 1363 1053 1450 quis
1077 1362 1218 1445 scribat,
1242 1359 1294 1426 uti
1315 1381 1394 1443 noe,

411 1472 560 1539 Sermoni
582 1470 749 1558 propiora,
768 1476 864 1556 putes
888 1470 976 1536 hunc
999 1490 1069 1534 esse
1089 1471 1229 1553 poetam.

410 1574 587 1661 Ingenium
610 1573 664 1640 cui
687 1573 748 1657 sit,
772 1572 826 1639 cui
848 1595 942 1639 mens
964 1571 1123 1654 divinior,
1147 1575 1245 1655 atque
1269 1590 1305 1635 os

411 1678 534 1763 Magna
557 1680 767 1758 conaturum,
794 1675 851 1741 des
875 1674 1021 1741 nominis
1040 1674 1139 1740 huius
1162 1673 1328 1738 honorem.

411 1781 536 1847 Idcirco
559 1781 711 1867 quidam,
735 1779 903 1846 comoedia
928 1802 1031 1846 necne
1051 1800 1169 1865 poema

413 1885 511 1950 Esset
522 1932 531 1967 ,
550 1883 752 1970 quaesivere,
773 1883 860 1969 quod
881 1904 955 1949 acer
978 1882 1115 1969 spiritus
1138 1902 1176 1946 ac
1195 1880 1246 1946 vis

411 1988 480 2054 Nec
502 1987 609 2053 verbis
632 2008 692 2053 nec
712 1986 809 2052 rebus
833 1985 940 2070 inest,
965 1985 1031 2052 nisi
1056 1985 1143 2071 quod
1162 1983 1245 2070 pede
1271 1986 1359 2048 certo

412 2091 531 2156 Differt
553 2090 715 2174 sermoni,
735 2111 841 2156 sermo
864 2112 984 2156 merus.
1034 2089 1105 2172 „At
1120 2091 1214 2174 pater
1233 2086 1350 2152 ardens

414 2193 541 2277 Saevit,
567 2194 655 2279 quod
681 2194 850 2261 meretrice
872 2216 974 2281 nepos
995 2193 1133 2259 insanus
1154 2191 1261 2257 amica

413 2297 520 2363 Filius
540 2319 675 2363 uxorem
698 2298 816 2383 grandi
838 2320 913 2364 cum
934 2299 1011 2363 dote
1032 2301 1175 2379 recuset,

412 2400 532 2467 Ebrius
549 2407 600 2486 et,
620 2423 780 2487 magnum
803 2402 890 2488 quod
917 2401 1074 2484 dedecus,
1098 2397 1246 2465 ambulet
1265 2402 1343 2463 ante

412 2503 552 2570 Noctem
573 2525 648 2571 cum
671 2504 833 2570 facibus.“
879 2503 1051 2590 Numquid
1075 2501 1276 2588 Pomponius
1297 2500 1372 2566 istis

412 2607 554 2673 Audiret
574 2607 714 2691 leviora,
735 2612 829 2693 pater
852 2607 881 2672 si
903 2607 1053 2673 viveret?
1099 2607 1187 2691 Ergo

417 2711 494 2777 Non
514 2711 595 2780 satis
619 2716 670 2777 est
692 2711 783 2797 puris
807 2732 939 2776 versum
962 2709 1159 2798 perscribere
1180 2708 1306 2786 verbis3

369 2852 432 2901 libro
456 2853 552 2901 Lucilii
568 2852 675 2912 decimo,
697 2852 851 2899 cohercerem
869 2851 915 2899 Sa·
959 2852 1063 2900 Noctem
1088 2864 1145 2900 eum
1164 2848 1278 2910 facibus.
1321 2845 1399 2894 Pater
1424 2843 1499 2892 saevit

370 2932 437 2979 tiras
458 2946 601 2994 conepomere
620 2931 734 2979 striduit:
761 2931 833 2979 cuiue
856 2931 917 2978 libri
956 2930 1022 2994 quod
1046 2928 1114 2976 filius
1139 2927 1221 2977 ebrius
1239 2933 1366 2988 tamquam
1382 2937 1502 2988 magnum

367 3010 524 3073 principium
548 3013 667 3059 imitatus
683 3015 733 3066 est,
759 3009 807 3057 eibi
821 3009 916 3071 priene,
956 3011 1059 3059 dedecus
1085 3009 1202 3057 ambulet.
1230 3007 1313 3057 Filius
1334 3006 1388 3069 ipse
1409 3013 1446 3054 est
1466 3006 1503 3052 de·

369 3102 427 3135 mm
443 3091 558 3138 omnibus
574 3091 769 3137 detrectatum.
956 3092 1044 3148 mem,
1061 3096 1089 3137 ut
1104 3091 1197 3147 eretur,
1222 3087 1398 3150 opprobrium,
1427 3085 1505 3134 coact-

405 3167 492 3216 Serme
505 3183 596 3216 cram.
614 3168 665 3217 Per
673 3166 851 3229 appositionem
859 3181 917 3230 pen-
956 3172 1022 3219 ctum
1050 3170 1105 3219 Hoc
1122 3174 1159 3218 est
1175 3168 1241 3230 apud
1260 3165 1381 3216 Plautum
1404 3165 1506 3213 Marcet.

370 3247 411 3296 det
428 3262 444 3294 a
462 3247 600 3296 Comoedia.
634 3246 688 3296 Cur
704 3246 918 3296 inferaturaermo
957 3250 979 3298 I.
996 3264 1014 3298 1.
1031 3250 1071 3298 54.
1095 3247 1138 3296 ubi
1158 3246 1226 3294 filius
1249 3247 1279 3294 de
1296 3252 1366 3308 patre
1382 3243 1505 3308 queritur:

370 3330 407 3372 est
424 3327 522 3372 rnerm?
547 3323 633 3373 Plaut.
650 3324 760 3373 Mostell.
773 3324 917 3375 111.1.110.
958 3331 1190 3392 Intemperantem‚
1208 3341 1257 3374 nme
1275 3327 1426 3384 bremetum,
1442 3324 1506 3372 iniu-

371 3406 424 3452 Ae'n
453 3410 482 3453 tu
505 3404 595 3452 aeder?
616 3412 670 3452 tum
701 3421 726 3453 v.
747 3405 801 3454 112.
819 3408 918 3469 speculo
958 3410 1039 3465 mum,
1078 3408 1204 3465 Trahere,
1221 3407 1358 3456 exhaurire
1381 3421 1420 3453 nee
1443 3403 1507 3467 quod

370 3485 457 3533 clarae
468 3521 475 3543 ‚
492 3486 615 3533 clarorem
634 3499 737 3533 merum
959 3490 1055 3551 quirem
1066 3489 1111 3536 aba
1121 3501 1147 3536 ee
1157 3488 1235 3536 demo.
1246 3512 1278 3522 -
1300 3487 1438 3533 Rationem
1452 3496 1505 3546 pec·

408 3564 481 3621 Quod
496 3565 919 3626 meretre‘ecnepoeimanmame'ca
959 3569 1049 3616 dmum
1074 3581 1140 3626 esee,
1166 3581 1204 3622 ea,
1234 3580 1298 3627 quoe
1323 3564 1395 3626 ipsus
1411 3561 1507 3626 optem

371 3645 465 3692 Filius.
497 3643 555 3704 Ego
578 3649 691 3705 nepotem
715 3643 751 3690 sic
772 3656 829 3691 cum
843 3649 920 3704 putre
963 3648 1054 3696 Omnes
1079 3648 1174 3695 laborer
1203 3645 1339 3694 dormisset
1366 3643 1508 3707 perferens,

371 3723 459 3785 etfitio
470 3736 522 3770 non
531 3721 919 3781 coniunxissemsiluoeurr'mum
962 3728 1062 3775 Amoris
1091 3729 1118 3774 vi
1154 3724 1323 3788 dipfumditore‘
1358 3737 1389 3772 uc
1421 3720 1507 3770 deteri.

370 3802 511 3864 significare
524 3801 637 3850 deberet:
655 3801 808 3863 scripsissem
825 3803 919 3864 potius:
962 3805 1107 3857 Oenotriam
1126 3810 1163 3855 tot
1181 3820 1219 3854 me
1235 3817 1315 3854 anuos
1339 3804 1392 3851 tam
1409 3816 1435 3851 ec
1452 3815 1507 3864 pm·

370 3883 443 3945 euod-
453 3883 596 3936 meretrice,
613 3881 701 3944 nefas!
719 3882 827 3929 emanue
838 3882 920 3931 amica
960 3901 1022 3936 cere.
1055 3885 1114 3934 Non
1139 3898 1200 3948 opus
1222 3890 1288 3943 erec,
1314 3888 1342 3930 ut
1367 3880 1407 3930 vel
1431 3885 1507 3943 peter,

373 3961 466 4009 Filiae.
484 3959 613 4009 Scholium
622 3957 842 4014 commentatoris:
853 3962 920 4018 „Ne-
961 3963 1017 4024 vel,
1036 3964 1102 4027 quod
1118 3963 1198 4012 multo
1206 3963 1289 4028 peius,
1307 3963 1381 4025 poeta
1390 3968 1507 4018 moneret

369 4053 427 4101 poe,
451 4039 526 4088 tacita
542 4045 567 4087 et
583 4038 685 4101 egregia
709 4039 858 4102 significatio
873 4039 921 4088 filii
961 4057 1035 4106 quam
1048 4050 1120 4106 turpe
1137 4044 1242 4092 dedecus
1255 4056 1284 4091 ea
1300 4047 1421 4091 recesset.
1437 4039 1508 4090 Nihil

370 4117 511 4167 luxuriosi“
528 4118 635 4181 pertinet
646 4117 772 4186 adfiliump
780 4112 920 4182 Pomponii.
961 4123 1010 4171 dici
1024 4130 1121 4186 proterat
1136 4123 1287 4186 languidius.

405 4201 504 4249 Ebrius
520 4204 557 4257 et,
573 4215 693 4263 magnum
714 4202 781 4262 quod
802 4203 919 4260 dedecus,
995 4205 1125 4265 Numquid
1137 4203 1292 4264 Pomponius
1307 4203 1365 4250 istic
1398 4200 1508 4250 Audieet

371 4279 482 4327 aemuler
505 4283 567 4327 ante
607 4278 713 4326 Noctem
735 4293 790 4326 cum
808 4281 919 4342 facibus.
961 4283 1069 4330 leviora?
1102 4281 1185 4331 Plaut.
1207 4281 1297 4330 Bacch.
1319 4280 1446 4330 IV.V111.
1468 4279 1507 4330 70.

372 4354 462 4418 Vulgo
478 4356 614 4419 accipiunt,
639 4357 705 4421 quod
725 4356 832 4416 factum,
857 4374 920 4422 quae
962 4361 1045 4409 Satin'
1062 4366 1112 4418 eet,
1129 4362 1246 4424 criptura
1263 4375 1294 4410 ec
1311 4376 1349 4409 nce
1365 4361 1453 4408 audem
1469 4361 1507 4409 lue·

372 4448 412 4485 res
420 4442 588 4500 estmagnum
604 4437 723 4494 dedecus,
740 4444 765 4486 et
780 4438 920 4501 verbupar·
960 4441 1001 4488 die
1016 4441 1085 4489 cruta
1121 4442 1204 4499 Quom
1220 4440 1443 4502 audivituaquam
1456 4424 1509 4488 ou·

372 4512 468 4563 enthcsi
483 4513 622 4564 includunt
638 4515 702 4564 Vim
715 4515 790 4565 addes
806 4517 920 4576 orationi,
960 4521 1005 4567 nia
1021 4524 1046 4567 et
1062 4517 1206 4568 Demetrio?
1224 4520 1312 4568 Horat.
1325 4517 1409 4568 Satira
1419 4517 1507 4568 11.111.

372 4605 476 4654 eamque
484 4592 564 4655 magis
582 4593 701 4656 tragicam
714 4594 801 4645 facies:
819 4599 920 4647 Ebrius
945 4597 1017 4646 298.
1043 4599 1152 4648 Dixerit
1169 4600 1288 4650 insanum
1313 4599 1357 4662 qui
1380 4613 1432 4660 me,
1450 4599 1507 4647 tott-

372 4677 397 4720 et
414 4686 531 4733 crepacem
542 4673 608 4733 quod
619 4675 723 4724 cedema
740 4679 849 4726 ambulet
860 4682 920 4726 aute
961 4679 1015 4727 dem
1032 4679 1127 4728 uertet.
