3750 5759
776 687 961 751 LIBER
1007 687 1050 752 H.

390 872 500 938 Coena
525 872 681 958 desurgat
705 873 824 938 dubia?
870 874 958 954 Quin
982 895 1098 959 corpus
1122 878 1279 939 onustum

390 976 562 1042 Hestemis
586 976 677 1042 vitiis
701 977 849 1042 animum
875 1000 1003 1064 quoque
1026 984 1220 1063 praegravat
1243 1001 1326 1061 una,

388 1079 500 1166 Atque
523 1079 630 1167 affigit
653 1082 754 1147 humo
778 1082 909 1148 divinae
932 1082 1130 1168 particulam
1154 1103 1259 1147 aurae.

389 1183 501 1267 Alter,
526 1184 584 1250 ubi
608 1185 696 1251 dicto
720 1185 818 1251 citius
843 1191 956 1252 curata
980 1186 1088 1272 sopori

391 1288 540 1353 Membra
563 1289 671 1372 dedit,
696 1296 834 1375 vegetus
858 1289 1060 1375 praescripta
1084 1289 1126 1354 ad
1150 1289 1264 1354 munia
1287 1289 1402 1376 surgit.

392 1391 457 1457 Hic
480 1397 592 1459 tamen
616 1394 658 1458 ad
681 1395 799 1460 melius
823 1395 946 1480 poterit
968 1400 1186 1460 transcurrere
1210 1395 1390 1480 quondam3

392 1495 467 1561 Sive
490 1496 577 1561 diem
600 1497 722 1562 festum
745 1498 874 1564 rediens
898 1497 1066 1563 advexerit
1089 1519 1215 1581 annus,

393 1599 457 1665 Seu
480 1621 621 1666 recreare
644 1601 733 1667 volet
756 1607 929 1667 tenuatum
954 1622 1086 1686 corpus,
1111 1600 1233 1686 ubique

391 1702 558 1769 Accedent
580 1704 678 1788 anni,
703 1711 736 1770 et
760 1705 892 1770 tractari
916 1704 1050 1769 mollius
1075 1710 1164 1769 aetas

392 1806 562 1872 Imbecilla
585 1808 689 1887 volet3
716 1808 777 1874 tibi
800 1808 958 1894 quidnam
984 1807 1116 1873 accedet
1139 1807 1181 1872 ad
1204 1807 1320 1892 istam,

392 1909 498 1990 Quam
521 1934 602 1997 puer
625 1918 658 1977 et
680 1912 810 1978 validus
833 1911 1037 1998 praesumis,
1061 1911 1246 1995 molitiem,
1271 1933 1328 1977 seu

392 2013 483 2079 Dura
506 2015 659 2080 valetudo
682 2015 850 2099 inciderit,
875 2038 933 2081 seu
957 2015 1050 2080 tarda
1074 2017 1244 2080 senectus?

392 2117 577 2184 Rancidum
600 2141 717 2205 aprum
739 2120 867 2205 antiqui
890 2118 1086 2202 laudabant,
1112 2140 1178 2184 non
1202 2118 1280 2204 quia
1303 2140 1402 2185 nasus

393 2221 465 2287 Illis
489 2223 601 2288 nullus
627 2229 710 2302 erat3
736 2224 810 2308 sed,
835 2223 948 2302 credo3
973 2223 1034 2288 hac
1056 2228 1182 2306 mente,
1208 2223 1294 2308 quod
1317 2224 1435 2310 hospes

381 2389 455 2438 Dicto
470 2391 553 2439 citius.
587 2389 786 2441 commentator:
804 2391 896 2450 „Dicto
970 2393 1111 2459 Cruquius:
1135 2395 1212 2455 „Cod
1230 2396 1320 2446 Bland.
1338 2411 1395 2445 cum
1407 2397 1483 2445 Tons.

343 2467 418 2516 citius
434 2477 538 2533 vegetus
554 2472 659 2534 surgit.“
686 2472 752 2520 Alii:
771 2478 827 2535 post
843 2485 895 2520 coe-
936 2472 1010 2522 habet
1036 2477 1148 2525 vitiaret.
1183 2477 1217 2524 Et
1244 2475 1270 2524 in
1297 2475 1375 2524 tribus
1400 2475 1484 2526 Codic.

343 2563 405 2597 nam
428 2548 565 2612 frugalem,
591 2552 656 2600 dicto
677 2551 748 2599 citius
770 2558 895 2614 peractam
935 2552 1026 2603 Bland.
1043 2556 1188 2604 adnotatum
1200 2562 1238 2604 est
1253 2559 1468 2618 r·epretrencteret.“

343 2643 447 2677 somnus
464 2637 488 2679 et
504 2630 602 2693 placida
613 2631 682 2694 quies
693 2632 798 2695 capitur.
815 2631 895 2679 Unice
968 2633 1083 2683 Fortasse
1104 2650 1194 2683 manus
1215 2635 1313 2683 Horatii
1333 2643 1432 2683 servata
1448 2642 1485 2684 est

344 2722 434 2758 verum
458 2710 556 2758 iudico:
584 2717 671 2759 curata
695 2711 806 2760 membra
828 2710 894 2758 dicto
935 2710 962 2758 in
984 2715 1100 2771 vitiaret,
1121 2713 1195 2776 idque
1214 2715 1361 2762 mutandum
1377 2714 1403 2760 in
1420 2716 1484 2763 citu·

343 2789 418 2837 citius
428 2790 511 2852 sopori
522 2790 597 2838 dedit.
629 2789 679 2850 Qui
690 2804 723 2838 ex
734 2791 810 2838 dubia
820 2803 895 2836 coena
935 2797 988 2838 ret.-
1010 2796 1077 2854 qood
1098 2795 1185 2856 torpes
1217 2794 1329 2841 Parcitur
1350 2796 1484 2842 attremant

344 2869 438 2932 surgit,
462 2870 528 2918 haud
553 2870 601 2918 cito
622 2871 727 2929 dormit,
748 2871 798 2918 imo
822 2885 894 2934 saepe
935 2870 1030 2917 citaret
1055 2873 1218 2928 cornrrzodiur,
1246 2887 1321 2933 quem
1352 2872 1485 2933 Iateqrura

344 2961 460 2995 somnum
488 2963 575 3012 capere
601 2963 652 2997 uon
678 2956 765 3012 potest.
807 2951 894 3014 Neque
934 2949 1000 2997 edua·
1016 2950 1128 2998 warinus
1145 2956 1303 2999 concurreret.
1336 2949 1386 3010 Qui
1397 2965 1485 3013 aprum

344 3025 441 3077 Ofellus
465 3029 647 3076 commendaret
671 3027 821 3076 celeritatem
842 3045 894 3078 coe·
936 3026 1074 3090 integrum,
1092 3037 1229 3089 recentem,
1246 3030 1314 3092 prius
1326 3045 1401 3094 quam
1416 3029 1485 3078 fieret

344 3108 430 3158 nandi.
463 3108 545 3156 Probe
570 3107 677 3168 sciebat,
702 3115 823 3172 quantum
848 3109 895 3158 hoc
936 3109 1059 3168 rancidus,
1068 3110 1195 3159 comedere
1203 3109 1327 3170 volebant,
1335 3110 1402 3157 intra
1411 3109 1485 3158 breve

344 3187 386 3236 vel
403 3188 430 3236 in
446 3203 523 3237 coena
534 3188 627 3251 frugali
639 3194 738 3236 noceret
749 3188 895 3240 valetudini.
936 3192 1034 3250 tempus
1062 3188 1142 3238 facere
1170 3189 1299 3238 debebant.
1341 3191 1411 3252 Ergo
1440 3204 1485 3238 nec

343 3268 426 3318 Lente
441 3281 543 3318 coenare
559 3269 670 3332 prodest,
690 3273 720 3316 at
736 3271 795 3317 benc
805 3271 895 3321 valeat.
935 3267 995 3315 satis
1017 3269 1085 3331 parci
1103 3283 1149 3317 nec
1167 3275 1332 3333 temperantes
1349 3281 1402 3316 esse
1418 3275 1485 3331 pote·

344 3347 499 3412 Porphyrioz
517 3348 581 3407 „ait:
598 3347 619 3395 is
632 3361 690 3396 vero
701 3347 743 3410 qui
755 3347 828 3395 citius
839 3363 894 3397 con-
935 3350 999 3393 rant.
1032 3347 1130 3397 Rustici
1153 3356 1225 3397 erant
1245 3356 1270 3397 et
1291 3347 1359 3412 parci
1381 3354 1406 3395 et
1425 3353 1485 3396 tem·

344 3427 448 3491 quiescit
463 3442 510 3476 nec
525 3427 568 3475 diu
586 3425 675 3489 vigilat
687 3426 831 3488 oblongam
842 3443 894 3478 coe-
935 3430 1057 3486 perantes.
1084 3427 1180 3488 Magna
1193 3441 1250 3489 pars
1264 3426 1317 3489 apri
1331 3426 1373 3472 diu
1387 3437 1485 3474 servata

345 3522 414 3556 nam.
453 3509 566 3567 Curate,
583 3506 638 3555 cibo
654 3506 764 3554 modeste
781 3506 856 3554 fota.“
935 3502 1064 3566 utriusque
1081 3504 1181 3554 virtutis
1197 3505 1484 3554 testimoniumhabeba-

383 3589 456 3646 Quod
472 3590 558 3650 torpes
585 3589 696 3634 Tardius
712 3589 846 3635 adveniens
859 3590 895 3636 ct·
934 3589 976 3631 tur
993 3585 1087 3647 magis,
1103 3600 1179 3649 quam
1196 3587 1263 3650 quod
1279 3587 1354 3635 odore
1367 3585 1484 3635 delectari

296 3715 298 3719 .
346 3668 895 3729 tiatumramerud-inaquamintepramedaoe
934 3663 1085 3715 viderentur.

345 3748 461 3795 dominae
488 3753 648 3796 consumeret.
691 3745 893 3796 commentator:
968 3744 1107 3794 servabant
1133 3753 1216 3796 autem
1245 3753 1270 3796 et
1296 3746 1323 3794 in
1348 3748 1482 3796 adventum

347 3823 433 3884 „Ordo
449 3832 474 3875 et
490 3841 576 3875 sensus
593 3832 642 3876 est:
666 3827 731 3888 quod
753 3826 841 3888 hospes
858 3840 894 3875 se·
933 3822 1045 3886 hospitis.
1081 3825 1108 3876 Si
1124 3825 1168 3875 ille
1185 3826 1279 3875 tardius
1293 3825 1396 3884 veniret,
1408 3842 1483 3891 quam

345 3906 398 3954 rius
423 3907 556 3956 adveniens
580 3906 732 3956 commodius
754 3907 838 3955 ederet
858 3907 894 3954 vi·
934 3911 1130 3966 exspectassent,
1148 3907 1249 3955 rancida
1266 3912 1350 3955 tamen
1367 3920 1424 3955 caro
1441 3922 1482 3972 ap·

346 3985 435 4034 tiatum
461 3993 486 4035 et
511 3986 654 4044 rancidum,
678 3999 753 4049 quam
780 3986 893 4034 dominus
934 3983 1080 4044 ponebatur.
1108 3985 1166 4034 Non
1178 3986 1285 4035 amabat.
1314 3985 1411 4035 Rustici
1423 3988 1483 4036 adeo

346 4071 502 4116 consumeret
518 4066 644 4130 integrum
657 4071 682 4114 at
692 4080 743 4114 non
754 4067 893 4115 vitiatum,“
933 4063 1086 4112 commodius
1103 4065 1237 4128 putabant,
1259 4066 1280 4113 si
1300 4065 1388 4128 hospes
1404 4065 1483 4115 nollet

345 4147 426 4194 Acro:
445 4146 568 4209 „Antiqui
584 4146 669 4193 omnia
684 4145 855 4194 custodiebant
870 4151 895 4195 et
933 4151 1074 4205 corruptam
1096 4159 1208 4203 carnem,
1231 4160 1305 4208 quam
1325 4146 1346 4193 si
1362 4146 1409 4208 ipsi
1425 4160 1481 4195 con·

346 4227 433 4289 quavis
450 4232 574 4274 vetustate
590 4225 734 4275 laudabant.
757 4225 826 4276 Ordo
837 4242 893 4275 cum
934 4223 1079 4272 sumsisscnt
1095 4224 1227 4286 integram.
1255 4225 1303 4283 En,
1322 4224 1358 4271 ait
1375 4223 1481 4285 Ofellus,

345 4305 393 4353 hoc
416 4320 502 4355 sensu:
529 4305 603 4366 Quod
627 4306 780 4354 commodius
805 4307 893 4369 hospes
934 4303 1076 4366 exemplum
1094 4303 1189 4366 priscae
1205 4303 1372 4365 parcimoniae
1384 4310 1409 4351 et
1421 4311 1481 4353 tem·

344 4387 450 4434 vitiaret
466 4393 605 4444 servatum,
626 4400 702 4449 quam
719 4392 798 4435 totum
816 4386 892 4435 domi·
934 4385 1073 4445 perantiae!
1102 4385 1143 4432 En
1160 4383 1343 4431 verosheroas!
1368 4384 1412 4432 Illi
1423 4384 1482 4434 scie·

345 4478 392 4512 nus
409 4465 557 4514 absumeret.
591 4468 725 4527 Inteqrcm
747 4472 791 4513 aut
813 4472 892 4514 totum
934 4463 994 4511 bant
1010 4467 1138 4513 crutoutre
1154 4469 1178 4512 et
1194 4478 1302 4512 serrare.
1336 4463 1409 4524 Quod
1426 4466 1482 4514 hos·

344 4551 445 4593 autnon
455 4548 622 4609 corruptum.“
643 4544 796 4608 Porphyrio:
810 4545 892 4601 „Ran-
933 4556 976 4604 pes
986 4542 1135 4601 fastidiebat,
1146 4542 1192 4605 ipsi
1204 4557 1255 4590 non
1267 4541 1415 4593 fastidirent.
1428 4546 1481 4595 Nos

344 4624 429 4672 cidum
447 4623 506 4674 ἀντὶ
523 4626 583 4685 τοῦ,
606 4625 665 4672 dum
683 4632 796 4672 servatur
813 4624 892 4673 ranci-
912 4615 914 4626 '
933 4621 997 4670 nihil
1014 4622 1045 4670 ad
1063 4622 1121 4671 istos
1138 4621 1249 4670 homiues
1266 4635 1358 4671 sumus.

344 4705 404 4752 dnm
423 4705 539 4752 factum.“
911 4690 914 4753 l
968 4699 1120 4749 Scholiastae
1141 4707 1206 4750 recte
1223 4708 1327 4750 utuntur
1343 4701 1431 4767 verbis,
1441 4719 1481 4754 cu-
