3750 5759
374 691 437 755 158
753 690 1107 757 SATIRARUM

419 877 554 943 Divitiis
575 877 723 944 homines
746 880 878 945 ausint
901 881 1023 947 virtute
1046 881 1151 958 beati3

417 980 542 1060 Quidve
563 981 605 1045 ad
623 982 806 1066 amicitias,
829 1005 907 1049 usus
934 990 1119 1067 rectumne,
1144 984 1253 1049 trahat
1273 1005 1351 1061 nos3

372 1148 453 1196 Soter
483 1150 628 1198 thesaurum
654 1152 761 1209 retinet,
789 1149 914 1214 defossum
954 1154 1121 1214 superducto,
1137 1153 1269 1201 formatum
1286 1166 1318 1199 ex
1329 1147 1507 1200 Graecolrrd-

433 1229 507 1289 quasi
954 1231 1056 1294 γεσθαι,
1073 1231 1228 1297 ἐπεισάγειν,
1246 1231 1394 1296 cartapeta,
1420 1236 1451 1277 ut
1467 1244 1508 1278 ve·

370 1307 393 1354 A
411 1321 438 1355 ee
453 1309 481 1354 in
503 1309 618 1356 tumultu
639 1309 737 1368 usuri,
758 1314 783 1358 et
802 1310 914 1358 uindicat
954 1315 994 1358 tus
1014 1313 1087 1373 poeta
1111 1312 1177 1375 apud
1203 1310 1349 1360 stobaeum:
1377 1309 1390 1358 ὁ
1416 1309 1509 1359 παισὶν

433 1388 490 1435 tibi.
955 1387 1034 1437 αὑτοῦ
1050 1392 1176 1454 μητρυιὰν
1193 1388 1348 1454 ἐπεισάγων,
1371 1388 1506 1452 quodiam

370 1466 517 1514 Adolescens
533 1466 640 1514 iudicem
656 1467 740 1529 cuptt5
758 1468 828 1529 opud
842 1482 914 1530 quem
954 1472 1104 1530 comparavit
1130 1468 1236 1519 Casaub.
1263 1469 1295 1517 ad
1320 1468 1342 1517 Ι.
1370 1467 1507 1530 Capitolini

433 1559 519 1602 senec,
954 1548 1032 1597 Marc.
1050 1549 1170 1598 Antonin.
1182 1547 1248 1598 Phil.
1260 1549 1310 1598 29.:
1328 1549 1381 1596 Sed
1394 1549 1441 1596 ule
1451 1564 1504 1598 cou-

376 1625 428 1682 Que'
449 1628 542 1674 retinet
562 1641 667 1684 oumm,
689 1639 792 1674 eausam
808 1626 845 1673 ae'c
861 1625 914 1687 opit
954 1628 1126 1676 rubinomst'bi
1138 1630 1248 1678 adsclor't
1255 1630 1437 1690 procuratoris
1446 1645 1505 1679 uro

430 1707 518 1766 prior:
955 1709 992 1754 rte
1009 1723 1069 1757 tuoe
1078 1708 1176 1770 fillum,
1202 1723 1232 1756 uc
1258 1712 1295 1755 tot
1317 1709 1402 1756 libera
1418 1722 1505 1770 ruper-

369 1784 551 1832 Atbeuierues!
583 1781 674 1832 mnam
701 1798 759 1831 eum
786 1783 914 1831 Rhodien-
954 1788 1056 1844 duceret
1080 1803 1216 1836 aoracum.
1256 1787 1338 1835 Maior
1364 1786 1444 1849 igitur
1470 1792 1506 1834 est

433 1863 504 1910 sibus
955 1867 1098 1924 auctoritas,
1114 1882 1201 1930 quam,
1218 1879 1281 1928 quae
1298 1865 1376 1928 vulgo
1392 1864 1505 1921 affertur,

372 1942 446 2000 Quod
459 1941 555 2002 suerit,
572 1942 634 2004 quid
649 1955 691 2004 epo
708 1943 748 1991 hic
757 1942 915 2003 praedicer?
954 1945 1046 1994 Donati
1064 1952 1088 1994 et
1105 1946 1256 2001 recentium,
1274 1946 1339 1993 unde
1357 1960 1418 1994 usus
1437 1944 1506 1993 verbi

954 2026 1098 2075 ostenditur.
1115 2027 1203 2090 Aeque
1214 2026 1334 2088 castigata
1344 2032 1416 2074 sunt:
1436 2031 1505 2073 troa-

368 2100 427 2148 Non
451 2113 491 2148 me
515 2100 588 2158 latet,
613 2106 706 2163 quanta
726 2099 760 2146 sit
780 2098 914 2146 similitudo
954 2107 1032 2153 situm
1052 2108 1193 2154 intenderet
1213 2106 1289 2154 serto
1309 2110 1335 2152 et
1350 2103 1450 2167 fronde
1465 2102 1505 2167 fe

368 2178 433 2226 inter
450 2179 587 2227 orationem
604 2177 744 2236 Comitum,
761 2177 833 2224 metri
845 2191 914 2239 prae·
956 2186 1008 2233 lici.
1042 2185 1116 2232 Talia
1132 2183 1505 2260 noveratVirgiliuauthen.

368 2258 453 2305 sertim
469 2256 579 2314 iambici,
599 2264 623 2305 et
640 2259 774 2306 orationem
791 2257 914 2304 concisam
956 2264 1004 2312 IV,
1022 2265 1077 2313 506,
1115 2267 1277 2327 [urendisque
1293 2266 1374 2312 locum
1391 2261 1505 2311 sertim

369 2337 513 2399 prosaicam.
548 2337 597 2387 Sed
614 2338 688 2396 haec,
704 2339 735 2385 de
750 2353 800 2400 qua
811 2337 916 2399 agimus,
950 2341 1045 2404 froude
1065 2349 1168 2392 coronat
1190 2345 1314 2391 Funereo.
1346 2340 1445 2389 Frondi
1459 2340 1504 2403 fu-

368 2416 505 2464 similitudo
529 2418 607 2465 maior
628 2424 677 2474 est,
700 2431 774 2480 quam
796 2425 825 2464 ut
846 2416 881 2464 sic
901 2432 916 2464 a
956 2436 1044 2470 pereae
1068 2421 1200 2484 opponitur
1218 2421 1296 2483 srorta
1316 2419 1395 2484 felia.
1430 2402 1503 2483 virg.

369 2495 539 2545 Grammatico
552 2497 729 2559 conciperetur.
755 2496 848 2544 Manus
859 2497 916 2557 poli-
957 2501 1023 2549 Aen.
1040 2500 1104 2549 VII.
1121 2501 1177 2551 751.
1212 2501 1504 2562 Frondeauperpahom

370 2583 411 2624 tae
427 2591 525 2640 quoque
541 2592 592 2625 non
608 2575 711 2624 obscure
727 2576 753 2623 in
770 2581 917 2638 argumento
957 2586 982 2629 et
990 2581 1064 2644 filtra·
1080 2586 1174 2628 corneas
1189 2581 1262 2628 oliva.
1296 2580 1330 2627 Et
1343 2578 1505 2627 Grammatici
1550 2597 1554 2615 ι

309 2711 313 2721 -.
368 2656 510 2705 Phasmatis
527 2664 640 2720 apparet,
658 2657 724 2719 quod
741 2662 916 2718 argumentum
957 2657 1051 2720 antiqui
1075 2657 1211 2705 docuerunt
1232 2657 1364 2704 discrimen
1390 2657 1504 2705 arborum

369 2735 494 2786 abeodem
503 2736 767 2786 Donatosicrefertur.
790 2735 916 2793 „Phasma
951 2737 1067 2798 felicium
1085 2740 1255 2798 etj'eroltum.
1289 2736 1363 2787 Conf.
1387 2739 1504 2802 interpre-

368 2833 460 2867 nomen
476 2829 513 2867 cst
534 2817 631 2866 fabulae
652 2817 799 2866 Menandri:
820 2818 846 2865 in
867 2831 916 2879 qua
956 2824 993 2864 tes
1018 2818 1049 2864 ad
1078 2817 1159 2867 Gratii
1188 2816 1284 2880 Cyneg.
1310 2818 1368 2868 442.
1392 2819 1505 2866 struitur

369 2913 488 2956 noverca,
513 2898 660 2961 superducta
684 2896 844 2954 adolescenti,
865 2896 915 2942 vir-
957 2896 1230 2960 romtsfellcibuscro.
1253 2897 1398 2945 Notandum
1409 2910 1505 2960 queque

369 2978 466 3039 ginem‚
489 2993 563 3041 quam
584 2992 616 3025 ex
633 2976 714 3024 vicino
735 2976 842 3039 quodam
859 2988 915 3022 con·
955 2978 1037 3038 primo
1054 2977 1174 3037 adspectu
1190 2977 1312 3037 pulchrae
1327 2977 1447 3038 cirpea,
1458 2978 1503 3024 oel-

368 3064 466 3118 ceperat
483 3057 567 3104 furtim
584 3057 713 3114 eductam,
729 3069 785 3101 cum
802 3053 868 3116 apud
879 3054 915 3100 vi·
957 3059 987 3101 ut
1007 3055 1118 3102 ramirus
1139 3055 1194 3101 oua
1210 3056 1338 3115 perardua
1366 3056 1505 3103 extenuit.

370 3137 455 3184 einum
470 3136 612 3198 proximum
633 3133 735 3181 haberet
756 3134 782 3180 in
802 3131 915 3189 latebris,
957 3132 1052 3181 Iterum
1072 3132 1165 3195 Virgil.
1188 3133 1254 3181 Aen.
1277 3133 1299 3183 1.
1321 3135 1378 3182 613.
1415 3137 1504 3184 Obstu-

369 3216 416 3263 hoc
432 3215 505 3262 modo
521 3228 605 3262 secum
621 3212 726 3261 habebat
737 3214 835 3261 assidue
846 3212 916 3260 nullo
956 3215 1015 3273 putt
1037 3214 1120 3274 primo
1136 3214 1263 3283 'adspecta
1289 3214 1396 3262 Sidonio
1424 3216 1505 3272 Dido,

367 3295 477 3343 conscio:
502 3294 633 3357 parietem,
661 3293 703 3357 qui
731 3293 825 3340 medius
850 3292 916 3340 inter
960 3291 1029 3340 Casu
1051 3292 1138 3339 deiude
1162 3294 1214 3340 otri
1239 3297 1317 3340 tauto.
1353 3291 1403 3340 Ubi
1429 3305 1505 3356 neque

367 3375 472 3423 domum
489 3373 917 3435 maritiacvicinifnerat‚itaper·
957 3385 1014 3418 cum
1041 3371 1145 3420 Heinsio
1170 3371 1304 3434 legendum
1328 3370 1430 3420 videtur
1454 3374 1503 3434 pra·-

370 3455 444 3513 fodit,
462 3463 490 3504 ut
506 3455 532 3502 in
544 3457 597 3518 ipso
606 3455 713 3502 transitu
724 3467 822 3501 sacrum
834 3452 917 3499 locum
958 3467 1038 3509 urunt,
1060 3464 1140 3513 neque
1162 3452 1336 3513 explicandum
1357 3451 1430 3514 quasi
1447 3456 1506 3499 esset

369 3549 422 3583 esse
438 3534 572 3583 simularet.
606 3533 721 3596 Cumque
736 3531 870 3578 transitum
880 3531 917 3579 in·
957 3534 1076 3594 priorum.
1109 3531 1168 3579 Non
1185 3531 1289 3579 refertur
1306 3532 1451 3590 addeindr,
1466 3531 1506 3579 sed

368 3613 482 3661 tenderet
506 3614 577 3662 sertis
602 3619 627 3660 et
651 3611 738 3659 fronde
763 3609 839 3668 felici,
865 3624 917 3659 rem
959 3610 1123 3674 simulatque
1140 3610 1206 3658 Dido
1227 3611 1333 3659 Aenean
1349 3610 1506 3672 adspexerat,

370 3693 480 3741 divinam
502 3685 574 3755 saepe
599 3692 689 3739 faciens
710 3689 826 3737 evocabat
843 3690 875 3737 ad
892 3704 918 3739 se
959 3691 1095 3753 obstupuit,
1107 3690 1206 3747 deinde,
1218 3689 1302 3737 audita
1312 3688 1379 3737 illius
1391 3690 1506 3748 oratione,

370 3772 501 3834 virginem.
535 3771 608 3832 Quod
629 3785 685 3818 cum
706 3769 919 3818 animadvertisset
959 3771 1087 3833 obstupuit
1102 3784 1199 3834 quoque
1216 3783 1283 3818 casu.
1317 3771 1365 3818 Est
1388 3776 1418 3818 at
1439 3771 1506 3826 eidi,

370 3850 521 3907 adolescens,
551 3848 630 3910 primo
657 3849 772 3910 adspectu
800 3847 918 3909 pulchrae
959 3858 989 3899 at
1006 3853 1079 3912 perti.

371 3929 490 3992 virginis,
511 3927 581 3975 velut
598 3927 707 3975 numinis
733 3925 801 3981 visu,
823 3926 917 3988 percul·
992 3931 1059 3992 Quid
1075 3930 1164 3993 plura?
1182 3928 1246 3978 Sunt
1258 3927 1352 3991 ubique
1364 3929 1440 3977 verba
1452 3942 1506 3977 vere

369 4022 414 4057 sus
438 4006 575 4056 exhorruit.
616 4006 714 4054 Deinde
738 4004 859 4067 paulatim
891 4019 918 4053 re
959 4011 1103 4069 lectissima,
1122 4024 1172 4057 ιιοιι
1189 4014 1271 4057 autem
1289 4008 1450 4069 scholiastae,
1466 4008 1506 4056 sed

370 4088 484 4151 cognita,
509 4085 602 4134 exarsit
625 4087 651 4133 in
673 4099 783 4133 amorem
808 4085 918 4149 puellae,
960 4091 1048 4139 veteris
1065 4091 1159 4153 po'e'tae,
1176 4089 1241 4137 unde
1259 4087 1398 4137 Scholiasta
1413 4087 1505 4145 sumsit,

370 4169 405 4216 ita
420 4174 449 4215 ut
465 4166 600 4216 remedium
617 4174 700 4214 tantae
710 4165 858 4228 cupiditatis,
871 4167 918 4214 nisi
960 4171 1033 4233 idque
1057 4170 1236 4234 propemodum
1260 4169 1292 4215 ad
1317 4168 1424 4218 literam.
1460 4167 1505 4219 Sed

370 4263 403 4296 ex
427 4247 532 4310 nuptiis,
557 4260 608 4294 non
632 4246 788 4308 reperiretur.
823 4245 863 4294 Ita
887 4261 918 4294 ex
961 4250 1021 4313 quid
1037 4256 1118 4306 vetat,
1135 4249 1267 4312 quominus
1285 4234 1310 4297 et
1321 4248 1368 4298 hoc
1378 4262 1506 4312 argumen-

369 4328 500 4375 commodo
515 4326 602 4374 matris
618 4340 647 4373 ac
662 4325 767 4388 virginis
777 4333 803 4374 et
814 4339 846 4373 ex
863 4333 921 4373 voto
961 4336 1015 4376 tum
1031 4329 1057 4376 in
1073 4343 1160 4377 versus
1177 4329 1304 4392 redigam?

371 4407 488 4455 amatoris
514 4420 682 4469 consensuque
709 4405 793 4468 patris,
823 4405 919 4467 nuptia-

369 4500 428 4533 rum
439 4484 600 4534 celebratione
615 4484 690 4533 finem
702 4486 790 4547 accipit
800 4484 921 4533 Fabula.“
964 4489 1036 4536 Huic
1046 4488 1156 4550 fabulae
1175 4488 1317 4536 Menandri
1334 4491 1450 4538 Phasma
1465 4503 1506 4538 ao·

403 4565 490 4614 Verba
505 4578 564 4612 vere
580 4564 727 4624 lectissima,
739 4572 764 4613 et
776 4580 879 4614 auream
891 4564 919 4612 il·
1029 4583 1085 4616 meu
1101 4573 1144 4615 est.

372 4642 424 4691 lam
446 4644 522 4692 moris
539 4643 682 4691 Terentiani
698 4644 857 4693 Iatinitatem
874 4649 921 4691 tee-
966 4646 1079 4696 Nouerca
1101 4648 1256 4712 superducto
1280 4649 1433 4700 adolescenti
1459 4650 1505 4698 oir-

371 4723 455 4771 tantia.
489 4724 546 4772 Huc
571 4720 650 4770 refero
672 4723 833 4771 aestatim
858 4721 921 4770 illud
1028 4728 1108 4789 pinam
