3750 5759
438 676 480 738 tro
837 666 1180 734 SATIRARUM

483 863 633 943 Ucdcrct,
659 860 835 924 introrsum
860 854 985 940 turpis3
1010 876 1091 917 num
1116 852 1265 936 Laelius,
1290 849 1404 935 etqui

482 965 587 1031 Duxit
610 964 650 1029 ab
674 982 829 1049 oppressa
851 958 1007 1023 meritum
1033 956 1232 1041 Carthagine
1256 975 1394 1035 nomen,

481 1069 618 1155 Ingenio
642 1066 778 1149 offensi,
802 1069 861 1129 aut
884 1063 973 1127 laeso
997 1061 1128 1126 doluere
1152 1060 1287 1126 Metello

481 1172 695 1258 Famosisque
720 1171 813 1256 Lupo
837 1171 989 1252 cooperto
1012 1164 1185 1230 versibus?
1230 1163 1334 1249 Atqui

481 1278 644 1342 Primores
669 1274 784 1361 populi
807 1272 947 1357 arripuit
969 1271 1194 1357 populumque
1217 1266 1385 1347 tributim,

482 1381 614 1446 Scilicet
636 1379 694 1443 uni
718 1398 840 1462 aequus
864 1373 982 1441 virtuti
1005 1380 1104 1460 atquc
1127 1374 1198 1439 eius
1222 1371 1347 1438 amicis.

481 1484 568 1564 Quin
592 1482 649 1548 ubi
673 1504 707 1547 se
731 1503 751 1545 a
773 1480 873 1564 vulgo
897 1484 930 1544 et
954 1500 1053 1544 scena
1077 1478 1111 1542 in
1137 1484 1261 1543 secreta
1282 1478 1447 1540 remorant

483 1587 594 1653 Virtus
620 1585 790 1672 Scipiadae
814 1589 847 1649 et
870 1582 962 1647 mitis
987 1580 1151 1667 sapientia
1175 1581 1285 1663 Laeli,

480 1692 606 1778 Nugari
631 1712 705 1756 cum
729 1688 787 1753 illo
812 1693 845 1753 et
869 1686 1023 1752 discincti
1045 1686 1174 1768 ludere,
1198 1685 1300 1751 donec

480 1798 721 1882 Decoqueretur
744 1792 837 1876 olus,
862 1789 961 1856 soliti.
1011 1789 1179 1875 Quidquid
1203 1811 1277 1855 sum
1301 1808 1379 1873 ego,
1404 1784 1560 1871 quamvis

481 1901 572 1966 Infra
595 1897 702 1964 Lucili
725 1918 860 1961 censum
883 1893 1135 1979 ingeniumque,
1162 1900 1272 1958 tamen
1295 1913 1348 1956 me

483 2004 566 2070 (ium
589 2001 719 2088 magnis
743 1999 866 2065 vixisse
889 1997 995 2063 invita
1018 1997 1175 2063 fatebitur
1198 2018 1302 2084 usque

481 2107 627 2189 invidia,
652 2111 686 2171 ct
708 2104 819 2190 fragili
843 2124 1000 2189 quaerens
1025 2100 1152 2167 illidere
1175 2101 1324 2183 dentem,

481 2210 634 2276 Offendet
657 2209 779 2275 solido:
805 2207 870 2273 nisi
894 2206 974 2291 quid
997 2210 1051 2288 tu,
1076 2204 1170 2271 docte
1193 2205 1342 2288 Trebati,

481 2314 682 2379 Dissentis.“
731 2312 918 2398 „Equidem
942 2308 1027 2373 nihil
1050 2308 1127 2374 hinc
1151 2308 1320 2394 diffingere
1343 2328 1487 2393 possum.

434 2451 562 2502 Bentlcius
588 2468 637 2502 non
663 2454 763 2517 accipit,
789 2453 848 2517 qnia
872 2450 986 2515 repetitio
1026 2464 1076 2498 non
1093 2452 1156 2499 tanti
1173 2451 1288 2508 aestimo,
1304 2460 1333 2501 ut
1348 2452 1482 2501 Horatium
1492 2450 1527 2498 ab
1538 2448 1582 2497 illa

436 2532 545 2580 eiusdem
562 2533 673 2597 syllabae
684 2534 777 2583 incedit
790 2535 930 2581 introrsum
942 2544 985 2577 au·
1027 2532 1204 2581 consuetudine
1224 2531 1353 2580 recessisse
1373 2537 1467 2595 putem.
1509 2532 1581 2579 Ince·

436 2613 504 2662 ribus
522 2614 621 2678 ingrata
637 2621 681 2663 est.
714 2611 869 2662 scholiastae
895 2609 986 2658 diserte
1026 2614 1084 2659 dere
1101 2612 1170 2675 quasi
1187 2619 1354 2662 consecratum
1371 2617 1409 2659 est
1426 2624 1501 2659 versu
1518 2610 1580 2659 Vir·

435 2699 524 2741 notant
541 2697 625 2743 cedere
642 2694 683 2742 hic
699 2693 757 2757 poni
769 2706 814 2755 pro
826 2693 950 2753 incedere,
963 2695 987 2736 et
1027 2690 1130 2754 giliano:
1156 2694 1224 2755 Epo,
1246 2707 1309 2755 quoe
1331 2693 1417 2740 dirum
1432 2691 1521 2739 incedo
1542 2706 1581 2739 re-

436 2773 572 2823 Lambinus
605 2773 799 2835 Torrentiusque
832 2786 864 2819 ex
896 2768 987 2819 Plauto
1026 2772 1099 2832 qino,
1125 2777 1149 2818 et
1166 2771 1256 2821 altero:
1282 2786 1342 2821 reru
1367 2772 1466 2819 incessu
1487 2771 1582 2833 patuit

436 2852 526 2902 Pseud.
544 2853 592 2903 IV.
610 2868 628 2903 1.
646 2853 685 2901 ti.
703 2852 821 2901 afferunt:
841 2852 898 2899 Non
914 2863 987 2912 pror·
1030 2852 1094 2899 Dea.
1127 2851 1184 2913 Ipse
1201 2851 1289 2900 Horat.
1307 2850 1386 2913 upon.
1403 2848 1465 2898 XV.
1499 2848 1582 2897 Atra

435 2947 492 2991 sus,
510 2949 595 2982 emunt
611 2950 642 2982 es
660 2938 803 2982 transuerso
820 2932 898 2988 cedit,
915 2929 988 2992 quusi
1027 2931 1168 2995 usuraque
1184 2947 1209 2980 es
1218 2931 1337 2995 felicior,
1354 2935 1431 2992 atque
1447 2944 1499 2978 meo
1510 2945 1582 2977 nernc

381 3028 383 3034 ’
435 3025 525 3060 cancer
541 3013 609 3060 solet.
643 3010 701 3074 Ipse
718 3012 775 3059 citat
790 3011 886 3068 locum,
906 3014 934 3055 ut
951 3009 987 3056 di·
1029 3011 1159 3073 serperbus
1193 3012 1286 3060 incedis
1313 3012 1386 3059 triola
1430 3007 1581 3058 Incredibile

436 3089 481 3145 cit,
504 3091 622 3152 aptiorem
645 3105 677 3138 cx
699 3088 792 3139 Casina
813 3089 848 3137 II.
872 3101 930 3136 vrri.
959 3093 987 3135 ot
1028 3098 1065 3138 est
1081 3090 1214 3139 Horatium
1235 3090 1282 3148 ibi,
1303 3090 1326 3138 ai
1347 3096 1454 3139 metrum
1476 3087 1581 3152 bisylla-

436 3169 587 3216 candidatus
618 3171 684 3217 cedit
715 3170 754 3219 liic
784 3170 913 3231 tricastinis,
945 3166 987 3215 ubi
1027 3168 1106 3217 bicarn
1119 3184 1205 3218 vocem
1214 3175 1337 3234 posceret,
1349 3182 1461 3232 nuquam
1471 3168 1580 3231 scriptu-

436 3245 506 3293 nulla
522 3248 555 3295 sit
571 3247 655 3295 mendi
672 3249 791 3312 suspicio,
813 3248 872 3311 qnia
893 3248 988 3295 incedit
1028 3264 1084 3298 rum
1112 3249 1187 3299 titisse
1211 3252 1333 3313 superbus
1357 3250 1431 3298 cedis.
1470 3246 1580 3296 Plautus

437 3325 527 3374 rationi
544 3327 660 3375 carminis
677 3334 835 3391 repugnaret.
862 3326 987 3389 Equidem
1028 3329 1105 3378 verbo
1129 3332 1241 3379 incedere
1267 3342 1340 3393 saepe
1367 3328 1456 3375 utitur:
1483 3326 1581 3377 librarii

436 3406 463 3453 in
480 3406 585 3455 Horatio
606 3408 801 3456 emendationem
823 3406 987 3454 Heinsianam
1027 3425 1114 3474 saepe,
1135 3411 1162 3458 ni
1183 3409 1267 3467 fallor,
1289 3414 1417 3457 mutarunt
1437 3408 1464 3455 in
1485 3410 1580 3458 cedere.

436 3486 537 3534 omnino
546 3486 712 3550 accipiendam
724 3501 776 3537 ease
785 3486 896 3534 arbitror.
914 3485 987 3547 Quod
1028 3490 1116 3542 Aulai,
1134 3490 1184 3539 ΠΙ,
1201 3504 1227 3538 v,
1244 3490 1285 3538 43,
1319 3489 1378 3536 Iam
1394 3489 1465 3537 hom
1480 3489 1580 3537 ahorn.

437 3565 563 3629 ingratum
586 3566 688 3614 sonabat
709 3566 811 3614 auribus
827 3564 934 3614 Bentleii
950 3568 988 3613 irt-
1029 3576 1067 3620 ton
1085 3584 1196 3627 censeas,
1215 3571 1318 3627 cedunt,
1336 3572 1428 3630 petunt
1452 3568 1579 3616 discenti.

436 3649 531 3696 cederet
553 3648 705 3702 introrsum,
728 3660 777 3693 non
800 3646 902 3694 sonabat
923 3646 988 3693 auri-
1028 3649 1067 3699 Ibi
1088 3649 1185 3713 scripsit
1205 3649 1270 3712 ipse,
1295 3654 1367 3711 puto:
1392 3648 1526 3703 incedunt,
1554 3655 1580 3695 et

436 3725 482 3773 bus
499 3725 606 3774 Heinsii.
640 3727 674 3775 Et
691 3724 733 3773 ille
749 3725 868 3786 habebat,
885 3727 906 3774 si
921 3726 987 3790 quis-
1027 3744 1127 3779 censeas
1139 3735 1178 3778 est
1188 3729 1295 3777 duarum
1306 3724 1466 3792 syllabarum.
1486 3725 1579 3776 Statim

437 3820 526 3867 quam,
551 3812 636 3855 acutas
664 3811 689 3853 et
714 3804 839 3868 superbas.
873 3808 988 3870 Apparet
1027 3824 1064 3857 vs.
1089 3810 1129 3861 47.
1154 3809 1274 3872 sequitur:
1303 3823 1359 3858 curn
1384 3808 1511 3855 incedunt.
1545 3805 1579 3854 In

437 3898 470 3931 cx
487 3885 601 3933 omnibus
618 3885 650 3933 ad
667 3894 760 3933 veteres
778 3887 862 3949 potitae
879 3887 928 3934 viri
945 3902 986 3936 ex·
1027 3890 1112 3937 codem
1130 3904 1167 3937 vs.
1184 3888 1224 3937 52.
1258 3889 1302 3937 Ibi
1321 3888 1355 3935 od
1369 3891 1525 3949 postremum
1542 3902 1578 3935 ce·

437 3963 604 4012 cellentissimi
621 3965 828 4022 annotationibus,
843 3973 945 4029 apparet
955 3981 987 4015 ex
1026 3972 1066 4018 dit
1082 3971 1160 4019 miles.
1178 3982 1219 4017 nes
1233 3969 1307 4030 petit.
1336 3967 1397 4029 Lag.
1409 3967 1511 4015 incedit.
1528 3966 1578 4015 Io

438 4044 497 4106 ipsis
509 4044 574 4092 illius
586 4044 733 4093 carminibus
745 4044 918 4094 Latinissimis.
941 4046 988 4094 Est
1026 4064 1069 4098 cus
1091 4054 1221 4111 corruptus
1243 4046 1347 4095 affertur
1367 4045 1392 4093 in
1414 4045 1530 4095 Varrone
1547 4046 1578 4095 de

438 4138 516 4185 genus
533 4124 655 4187 quoddam
673 4123 852 4184 allitcrationis,
869 4124 985 4187 quodan-
1027 4129 1057 4178 L.
1079 4130 1109 4178 L.
1129 4144 1152 4192 p.
1172 4128 1226 4178 180.
1244 4127 1281 4175 ed.
1304 4125 1396 4189 Speng.
1429 4126 1461 4174 In
1483 4124 1579 4175 Casina

437 4203 509 4266 tiquis
535 4202 613 4266 podiis
639 4204 698 4252 adeo
723 4218 774 4252 non
798 4202 933 4265 displicuit,
959 4211 987 4251 ut
1026 4208 1063 4257 II.
1081 4222 1144 4257 v111.
1163 4208 1201 4257 10.
1237 4210 1274 4254 At
1290 4207 1442 4255 candidatus
1458 4206 1578 4256 ced-ithae

436 4297 509 4347 saepe
526 4284 583 4330 data
599 4297 674 4346 opera
689 4283 836 4347 quaesivisse
847 4283 986 4333 videantur.
1026 4289 1147 4349 eiecticia
1171 4285 1323 4335 admittenda
1346 4285 1449 4334 fortasse
1476 4293 1515 4334 est
1539 4299 1577 4335 ec-

437 4364 566 4427 Excmplis
583 4365 608 4412 in
631 4378 658 4412 rc
678 4371 737 4413 nota
759 4364 875 4413 abstineo.
909 4364 985 4415 Schc-
1026 4368 1135 4431 thlipsis:
1153 4371 1190 4416 At
1206 4366 1353 4416 candidatu
1366 4367 1513 4416 inceditbic
1524 4383 1576 4417 naa·

437 4442 520 4490 liastas
537 4444 637 4492 minime
654 4452 791 4495 contemno.
825 4445 875 4497 Sed
891 4444 912 4493 si
929 4460 984 4494 con·
1025 4448 1110 4510 stigio.
1144 4447 1181 4497 Ut
1201 4446 1292 4505 Bacch,
1309 4445 1357 4494 IV.
1375 4459 1401 4493 x.
1422 4446 1475 4494 146.
1510 4448 1576 4497 Ere·

437 4531 477 4569 tra
498 4529 640 4585 perpetuam
664 4525 812 4587 optimorum
837 4525 982 4588 scriptorum
1025 4529 1078 4585 nit,
1094 4533 1125 4576 ut
1146 4541 1222 4576 ornus
1239 4528 1336 4586 praeda
1352 4530 1459 4574 anesius
1480 4528 1576 4576 incede·

437 4600 637 4650 consuetudinem
657 4617 735 4651 unum
752 4606 826 4653 modo
842 4604 983 4668 exemplum
1023 4608 1198 4657 remMcrcat.
1211 4607 1260 4656 111.
1273 4607 1320 4656 IV.
1336 4608 1373 4656 15.
1403 4606 1497 4656 Tristis
1512 4610 1576 4657 iacc-

437 4688 540 4738 norunt‚
563 4695 641 4743 neque
663 4682 722 4731 illud
744 4683 802 4732 satis
819 4691 925 4742 certum,
943 4700 984 4734 eos
1023 4686 1361 4751 dii‚peciusardet;hoereo‚
1375 4692 1576 4749 qrurssotcnput.
