3750 5759
753 695 935 760 LIBER
981 695 1023 759 ll.

1414 699 1454 761 91

365 884 475 966 Quum
491 883 555 949 sibi
572 883 709 969 quisque
725 882 831 964 timet,
850 904 1048 968 quamquam
1065 889 1115 948 est
1131 884 1286 968 iniectus,
1304 891 1337 951 et
1353 885 1431 951 odit.

365 987 476 1073 ,‚Quid
499 986 638 1053 faciam?
686 987 794 1053 Saltat
817 986 992 1070 Milonius,
1016 992 1055 1053 ut
1077 989 1179 1053 semel
1202 989 1268 1055 icto

362 1090 513 1159 Accessit
535 1091 641 1156 fervor
663 1090 764 1176 capiti
789 1111 1009 1175 numerusque
1032 1091 1191 1170 lucernis;

365 1195 481 1262 Castor
502 1194 625 1281 gaudet
648 1194 756 1281 equis,
782 1216 842 1259 ovo
865 1199 1046 1279 prognatus
1070 1195 1183 1261 eodem

364 1298 509 1386 Pugnis:
535 1304 616 1386 quot
638 1298 783 1384 capitum
806 1297 939 1381 vivunt,
965 1298 1103 1364 totidem
1128 1300 1311 1366 studiorum

366 1402 476 1482 Milia3
500 1424 553 1468 me
574 1401 712 1488 pedibus
736 1401 878 1466 delectat
900 1401 1050 1467 claudere
1073 1403 1171 1469 verba

317 1547 419 1581 versum
430 1530 537 1595 exempli
548 1544 635 1580 caussa
645 1545 678 1579 ex
690 1530 765 1580 Satir.
776 1530 798 1579 I.
808 1544 867 1579 vnr.

316 1625 348 1663 11.
366 1612 467 1662 mutatu
483 1611 608 1660 mutandis
624 1611 713 1660 citasse
729 1610 834 1659 videtur.

354 1691 420 1740 Cam
436 1693 485 1741 sibi
501 1693 604 1753 quaque
621 1693 706 1746 timet,
716 1706 868 1753 qraarnquam

317 1777 357 1819 est
382 1774 507 1829 intactus,
535 1777 560 1819 et
587 1772 648 1818 odit.
688 1767 767 1830 Quid,
794 1784 868 1833 quem

317 1849 387 1899 odit?
418 1849 513 1899 Dicunt
528 1863 614 1897 versus
631 1849 725 1906 tristes,
750 1849 868 1897 tristium·

317 1942 368 1993 que
384 1942 508 1976 ramnum.
518 1935 637 1977 auctores.
671 1927 740 1976 Raro
750 1928 801 1977 vidi
811 1943 866 1977 ora·

318 2009 413 2058 donem
434 2008 470 2057 sic
491 2015 642 2064 contortam,
664 2014 689 2055 et
711 2007 809 2071 ellipsin
825 2010 868 2056 du-

317 2091 415 2138 riorem.
448 2089 594 2151 legendum
605 2095 677 2152 puto:
696 2090 867 2136 Pantolabum

316 2184 435 2218 scurram
471 2170 704 2230 Nomentanumque
737 2170 867 2229 nepotem?

322 2249 404 2307 Quen
418 2251 468 2297 eibi
483 2251 588 2311 quisque
609 2251 694 2304 tieret,
716 2263 866 2310 quamquam

317 2334 357 2377 est
378 2329 504 2385 intactus,
529 2333 554 2375 et
575 2329 636 2376 adit.
670 2326 800 2374 Trebatius
826 2326 867 2374 ed·

317 2407 479 2456 monitionem
498 2407 529 2455 de
545 2421 594 2455 non
615 2406 749 2454 scribendis
780 2405 868 2455 Satiris

317 2487 441 2536 sententia
456 2486 586 2535 concludit.
619 2485 740 2534 Homines
756 2500 789 2534 ne
799 2484 868 2533 laede

317 2567 382 2616 tristi
398 2581 484 2624 versu,
506 2573 533 2614 ut
553 2565 646 2614 hesisti
666 2580 777 2614 scurram
793 2566 867 2613 istum

318 2654 345 2695 et
364 2653 486 2710 nepotem.
522 2645 643 2696 Omnibus
665 2645 733 2702 aliis,
759 2659 867 2709 quocun-

318 2741 367 2791 qne
383 2727 446 2775 vitio
461 2725 642 2785 laborantibus,
661 2733 755 2774 metum
766 2725 867 2772 iniicies.

318 2806 381 2868 Qui,
399 2807 511 2872 quamvis
523 2807 618 2867 intacti,
628 2815 651 2855 te
662 2812 781 2863 metuent,
792 2806 867 2853 iidem

318 2895 343 2936 te
363 2888 421 2937 odio
441 2894 625 2951 persequentur.
663 2886 744 2948 Quem
764 2887 868 2949 quisque

318 2967 401 3025 timet,
418 2981 476 3016 eum
492 2974 517 3016 et
532 2967 592 3016 odit.
626 2966 719 3029 Quales
735 2966 868 3014 sentcntiae

319 3060 335 3092 a
356 3047 387 3096 P.
409 3045 475 3110 Syro
496 3053 521 3094 et
541 3045 596 3094 eliis
617 3045 816 3108 proferebantur,
841 3051 869 3093 ut

320 3141 344 3174 v.
360 3141 382 3176 c.
403 3128 505 3176 Necesse
521 3132 559 3175 est
575 3129 668 3174 nrultos
680 3129 780 3186 timeat,
798 3140 869 3187 quern

319 3207 396 3255 multi
411 3207 507 3255 timent.
541 3207 577 3255 nt
593 3204 717 3268 Caligula,
732 3211 795 3254 teste
807 3203 869 3254 Sue-

320 3285 406 3342 tonio,
438 3300 558 3349 usurpare
585 3285 678 3335 solebat
704 3284 767 3333 illud
793 3284 869 3346 tragi-

320 3378 389 3414 cum:
410 3367 518 3415 Oderint
534 3368 595 3414 dum
616 3370 738 3413 metuam.
771 3363 870 3413 Ennius

321 3445 387 3507 apud
404 3443 516 3494 Ciceron.
534 3443 607 3495 Offic.
624 3444 661 3493 II.
675 3445 699 3496 7.
732 3444 811 3502 Quem
822 3458 870 3491 me·

320 3529 397 3573 inunt
412 3527 533 3574 ederunt:
550 3539 622 3586 qasm
638 3525 742 3586 quisque
752 3525 805 3571 odit
814 3559 820 3580 ‚
829 3537 870 3584 pe·

319 3603 394 3653 riisae
409 3608 512 3667 expetit.
546 3603 619 3653 Unde
636 3601 710 3652 Ovid.
728 3602 816 3650 Amor.
833 3603 869 3651 Π.

319 3696 347 3732 n.
367 3685 405 3734 10.
442 3685 522 3743 Quem
539 3685 629 3732 nretuit
645 3685 761 3745 quisque,
775 3685 871 3744 puisse

319 3765 398 3826 capit.
432 3763 523 3813 Minui.
547 3761 620 3811 Felix
654 3761 741 3812 Octav.
766 3778 790 3825 p.
811 3761 869 3812 255.

323 3845 417 3892 Odium
433 3845 515 3892 nostri
524 3840 618 3904 fanni
635 3845 729 3892 occulte
741 3857 788 3904 per
799 3842 870 3889 timo-

320 3940 381 3972 rem.
417 3923 547 3970 Naturale
574 3927 612 3970 ιιι
636 3922 702 3969 enim
727 3927 753 3969 et
778 3923 870 3976 adase,

319 4018 392 4064 quern
415 4004 517 4059 timeas,
540 4006 565 4048 et
587 4015 660 4062 queas
681 4002 811 4056 metuere,
832 4001 870 4047 in·

313 4082 428 4143 sectare,
444 4082 468 4130 si
483 4081 571 4140 poem.
598 4077 665 4129 Vell.
675 4079 771 4128 Patere.
783 4079 818 4127 ΙΙ.
830 4079 869 4130 57.

320 4161 492 4209 laudandum
512 4159 670 4221 experientia
686 4160 817 4209 cnsilium
833 4165 871 4208 est

320 4241 425 4289 Pansae
434 4246 510 4303 arque
521 4240 622 4297 Hirtii,
635 4240 680 4302 qni
691 4253 788 4301 seraper
798 4254 871 4300 prae·

320 4320 441 4368 dianam
460 4318 578 4378 Caesari,
596 4325 626 4367 nt
641 4319 818 4381 principatum
829 4334 871 4366 ar·

321 4399 369 4448 mis
393 4399 551 4461 macutum,
578 4399 658 4445 armis
685 4402 787 4446 teneret.
821 4400 873 4448 Ille

320 4479 445 4527 dictitans
464 4479 528 4526 mari
549 4492 574 4526 re
590 4493 665 4540 qnam
683 4479 769 4525 timeri
784 4480 871 4537 malle,

321 4559 383 4607 dum
399 4559 570 4616 clementiam,
593 4574 668 4620 quam
691 4559 872 4620 praestiterat,

321 4644 463 4702 exspectat,
485 4640 605 4688 incautas
627 4640 658 4686 ab
679 4638 788 4700 inpratie
803 4651 872 4686 oceu-

321 4724 398 4782 patur
419 4725 462 4769 aar.
498 4717 612 4769 Oudend.
634 4717 666 4765 ad
687 4716 787 4766 Sueten.
811 4713 872 4764 Cae-

908 1543 956 1580 sar.
966 1530 1007 1579 86.
1019 1531 1119 1594 corrigit
1131 1533 1229 1590 timere,
1241 1532 1359 1583 laudante
1369 1535 1456 1585 Ruhn-

908 1609 989 1660 kcnio.
1028 1611 1084 1674 Ego
1112 1626 1163 1660 non
1191 1612 1297 1662 landem.
1332 1614 1458 1665 Sententia

908 1690 976 1738 enim
987 1699 1118 1756 repugnat.
1145 1692 1194 1755 Qui
1205 1694 1370 1757 principatum
1382 1697 1457 1744 armis

908 1777 982 1828 tenet,
994 1769 1035 1819 ille
1044 1773 1099 1820 vult
1108 1775 1199 1831 timeri,
1210 1779 1235 1823 et
1244 1776 1356 1824 nasetur.
1373 1775 1459 1825 Verba

910 1850 1021 1900 Suetonii
1038 1858 1063 1900 et
1074 1852 1203 1901 Plutarchi
1214 1853 1290 1901 aliam
1301 1853 1393 1905 habent
1403 1870 1457 1904 sen·

908 1930 1018 1978 tentiam.
1048 1930 1191 1982 Suetonius:
1210 1933 1263 1981 Alii
1275 1950 1288 1982 e
1298 1936 1395 1985 dicero
1405 1938 1457 1999 epi·

908 2017 1010 2067 natum,
1035 2012 1143 2059 insidias
1168 2015 1277 2075 undique
1301 2016 1458 2065 imminentes

907 2092 982 2138 semel
1002 2090 1087 2137 subire
1107 2092 1190 2138 satias
1210 2106 1261 2140 esee
1281 2107 1356 2154 qaam
1373 2108 1459 2144 cocere

907 2183 1011 2231 seraper.
1033 2167 1194 2218 Plutarchus:
1212 2167 1293 2219 εἰπὼν
1309 2171 1343 2229 ὡς
1353 2171 1459 2232 βέλτιόν

908 2246 979 2296 ἔστιν
999 2248 1072 2302 inni
1094 2245 1276 2307 :incitemini
1294 2250 1333 2298 iel
1350 2251 1457 2314 προσδο-

908 2328 966 2391 κᾷν.
1001 2327 1079 2390 Apud
1099 2326 1224 2375 Velleium
1245 2328 1376 2390 respondet
1397 2329 1457 2380 eae-

907 2420 949 2454 sar
965 2407 1048 2456 Hirtio
1064 2413 1089 2455 et
1105 2407 1216 2464 Pansae,
1238 2423 1265 2456 se
1280 2411 1345 2458 nolle
1360 2412 1456 2470 timeri,

908 2494 936 2535 ut
952 2488 1057 2548 riveret3
1075 2488 1140 2550 apud
1158 2486 1306 2537 Suetonium
1323 2495 1348 2536 et
1358 2489 1456 2539 Plutar-

908 2568 982 2616 chum
999 2567 1067 2623 dicit,
1084 2582 1109 2615 se
1125 2567 1190 2615 nolle
1206 2569 1299 2624 cicere,
1316 2573 1344 2614 ut
1359 2582 1457 2632 semper

907 2647 1011 2696 timeret.

941 2726 1092 2775 Doderlinus
1108 2727 1248 2774 annotavit:
1267 2725 1456 2786 „Coniecturam

909 2821 990 2854 meam
1011 2823 1083 2868 quem
1104 2821 1149 2870 pro
1170 2822 1246 2868 quarn
1263 2807 1289 2855 iu
1306 2814 1401 2857 textum
1419 2825 1456 2859 re-

908 2887 967 2949 cepi.
1004 2888 1055 2934 Odi
1078 2887 1123 2934 vix
1147 2885 1199 2935 sine
1224 2886 1318 2936 obiecto
1332 2894 1398 2936 stare
1414 2905 1457 2952 po-

908 2972 956 3014 test
998 2964 1078 3026 Quem
1098 2966 1201 3028 quisque
1221 2964 1269 3013 sibi
1289 2965 1370 3027 timet,
1392 2969 1458 3019 hunc

909 3046 1011 3108 quisque
1027 3045 1092 3104 odit,
1113 3045 1187 3094 ctiam
1203 3060 1253 3093 nou
1270 3046 1364 3096 laesus:
1381 3049 1457 3112 respi-

908 3126 972 3174 citur
988 3133 1074 3174 notum
1086 3126 1147 3174 illud
1156 3128 1254 3176 oderint
1264 3128 1324 3175 dum
1335 3135 1457 3176 metuant.

909 3205 1067 3255 Constructio
1084 3205 1171 3254 similis
1188 3206 1215 3254 in
1232 3205 1344 3255 lurensi.
1356 3208 1405 3256 VI.
1420 3209 1456 3260 17.

914 3288 999 3346 Qsiuna
1007 3287 1098 3350 stram
1114 3302 1184 3335 nenio
1202 3289 1301 3336 tirrleret
1336 3288 1459 3337 Caralibus

910 3373 957 3413 aut
971 3368 1060 3428 periris.
1077 3365 1134 3413 niv.
1152 3365 1174 3414 I.
1191 3367 1214 3414 9.
1250 3368 1360 3415 Tantum
1373 3370 1458 3415 ntalem
1535 3408 1539 3416 .

909 3444 959 3490 sibi
975 3458 1005 3492 ac
1019 3447 1127 3506 posteris
1144 3446 1309 3494 metuebant.“

949 3523 986 3571 Ut
1007 3526 1081 3571 seriel
1102 3527 1152 3572 icto
1183 3527 1294 3573 Accessit
1308 3526 1398 3585 seram
1415 3541 1456 3575 ca-

910 3603 962 3664 piti
990 3615 1157 3664 nummusque
1185 3604 1302 3651 lucernis.
1344 3603 1458 3664 Apparet

911 3681 953 3742 agi
975 3681 1006 3728 de
1027 3680 1144 3730 ebrietate
1160 3682 1186 3729 in
1203 3681 1324 3730 convivio.
1359 3682 1414 3730 Iam
1432 3683 1457 3730 in

909 3761 977 3809 ictus
993 3768 1030 3810 est
1045 3762 1153 3810 subitum
1166 3762 1274 3826 aliquid,
1291 3769 1319 3810 ut
1331 3765 1457 3824 ιἱιιιιιιχιιι-

910 3841 988 3897 nrine,
1003 3841 1108 3902 furore,
1131 3848 1198 3891 rnatu
1217 3842 1272 3890 sim.
1294 3843 1360 3906 quod
1376 3843 1458 3892 miuus

910 3924 967 3981 apte
983 3920 1015 3967 ad
1031 3935 1156 3970 summum
1173 3921 1244 3970 illum
1257 3919 1390 3970 hilaritatis
1403 3937 1457 3985 gru-

910 3999 970 4047 dum
987 4000 1100 4051 refertur.
1134 4001 1266 4058 Milonius,
1282 4002 1343 4049 dum
1359 4016 1409 4051 non
1420 4017 1458 4051 so·

910 4077 979 4127 brius
996 4081 1083 4139 saltat,
1105 4080 1197 4130 lentius
1212 4087 1298 4144 captus
1314 4088 1365 4139 est,
1382 4096 1457 4144 quarn

911 4168 940 4205 ut
966 4159 1049 4208 fervor
1074 4167 1124 4210 icto
1147 4160 1221 4224 capiti
1246 4160 1381 4210 accesserit.
1424 4162 1459 4211 Et

910 4240 978 4288 ictus
999 4240 1049 4287 ianr
1072 4241 1196 4304 significat
1217 4255 1268 4288 non
1288 4240 1411 4300 sobrium,
1430 4250 1460 4290 ut

910 4331 962 4366 non
979 4333 1041 4381 opus
1058 4320 1090 4367 sit
1106 4319 1219 4368 accedere
1231 4319 1361 4368 fervorem.
1381 4321 1458 4369 Recte

911 4413 935 4446 v.
958 4411 978 4446 c.
1002 4401 1067 4462 apud
1089 4399 1174 4448 Plaut.
1196 4397 1282 4447 Oasin.
1302 4397 1353 4448 ΠΙ.
1373 4415 1400 4450 v.
1421 4402 1457 4450 15.

912 4479 972 4527 haee
983 4479 1090 4527 meraclo
1108 4479 1249 4540 Scarpiana
1260 4480 1387 4538 percussit
1391 4477 1459 4539 flore

912 4559 1015 4621 Libyco.
1050 4558 1164 4606 Fortasse
1186 4557 1333 4619 legendum:
1364 4561 1401 4608 Ut
1422 4575 1457 4609 se-

912 4637 961 4684 mel
978 4642 1052 4685 uncto
1079 4636 1191 4686 Accessit
1201 4639 1291 4700 ferror
1304 4641 1392 4699 capiti.
1410 4638 1458 4689 Ca·

913 4722 958 4779 put
974 4722 1091 4776 unctura,
1109 4723 1136 4764 ut
1147 4717 1173 4765 iu
1185 4717 1260 4765 hilari
1270 4731 1353 4766 coena.
1370 4719 1457 4768 Horat.
