3750 5759
798 650 824 713 lt
844 652 856 714 l
874 652 901 714 ii
921 653 946 715 il
970 653 1003 722 ll¹
1044 654 1067 717 l.

773 881 984 946 SATIRA
1031 885 1104 948 Vll.

458 1020 645 1122 Proscripti
670 1037 771 1124 Regis
797 1039 909 1124 Rupili
933 1064 994 1126 pus
1018 1049 1116 1129 atque
1139 1069 1300 1113 venenum

410 1138 563 1238 Hybrida
586 1162 649 1224 quo
672 1146 769 1226 paeto
793 1142 838 1207 sit
860 1144 992 1210 Persius
1017 1147 1128 1232 ultus,
1153 1151 1268 1236 opinor·

410 1242 574 1310 Omnibus
598 1249 632 1309 et
654 1244 754 1330 lippis
779 1251 895 1311 nctunr
919 1255 953 1314 et
977 1252 1162 1319 tonsoribus
1186 1278 1264 1323 esse.

411 1345 544 1411 Persius
568 1347 622 1412 hic
645 1370 825 1434 permagna
848 1352 981 1437 negotiu
1004 1355 1094 1422 dives
1117 1358 1258 1426 habehat

411 1450 637 1535 Clazomenis,
662 1452 763 1518 etiam
786 1454 861 1520 lites
893 1478 967 1522 cunr
993 1459 1083 1544 Rege
1106 1463 1278 1549 molesto,

412 1554 523 1620 Durus
548 1555 665 1639 homo,
690 1563 788 1644 atque
811 1559 885 1624 odio
909 1561 966 1646 qui
992 1569 1104 1647 posset
1126 1566 1254 1635 vincere
1278 1572 1419 1658 Regem,

413 1660 588 1727 Ocnfidens
620 1662 847 1749 tumidusque,
872 1665 952 1730 adeo
977 1671 1135 1735 sermonis
1159 1675 1279 1758 amari,

413 1763 588 1847 Sisennae,
613 1766 730 1832 Barros
754 1773 793 1832 ut
816 1768 908 1853 equis
940 1781 1160 1854 praecurreret
1183 1777 1277 1843 albis.

410 1869 465 1933 Ad
490 1870 614 1955 Regem
637 1873 741 1938 redeo.
785 1875 967 1961 Postquam
990 1878 1073 1943 nihil
1098 1881 1183 1946 inter
1205 1888 1380 1972 utrumque

412 1970 574 2040 Convenit
582 2001 643 2053 3-
658 1977 719 2042 hoc
743 1978 865 2044 etenim
889 1986 968 2045 sunt
991 2004 1104 2050 omnes
1128 1985 1368 2074 iuremolesti,

414 2076 485 2156 Quo
508 2076 627 2162 fortes,
654 2081 773 2167 quibus
796 2083 969 2149 adversum
993 2087 1116 2153 bellum
1145 2090 1262 2158 incidit
1270 2120 1279 2170 3
1306 2094 1392 2160 inter

412 2179 556 2247 Hectora
579 2183 769 2251 Priamiden
793 2187 979 2254 animosum
1005 2198 1103 2277 atque
1125 2194 1211 2261 inter
1233 2197 1398 2264 Achillem

537 2379 672 2431 SATIRA
688 2382 744 2432 VH
957 2346 999 2395 les.
1025 2349 1111 2398 Minus
1129 2351 1216 2410 fortes,
1233 2352 1324 2402 inertes
1343 2356 1411 2412 adeo,
1423 2356 1449 2403 in
1458 2357 1504 2406 hoc

746 2421 751 2431 ’
957 2441 1047 2491 genere
1062 2436 1120 2477 sunt
1137 2430 1253 2480 feliciores
1265 2438 1290 2481 et
1301 2434 1421 2484 meliores.
1440 2435 1505 2486 Sunt

407 2475 546 2565 Orrtnibus
563 2518 589 2560 et
606 2514 686 2576 lippis
702 2520 792 2564 notum
817 2523 842 2565 et
863 2522 915 2566 ion·
956 2506 1093 2569 placabiles·
1127 2510 1245 2559 HOratiUS
1270 2512 1360 2562 iberum
1387 2515 1504 2565 sibinen

367 2592 466 2640 scribut
490 2605 549 2640 esse.
585 2591 681 2656 Tenaq.
704 2594 785 2644 Faber
806 2595 916 2645 volebat:
957 2589 1044 2650 parcit.
1078 2589 1142 2637 Erat
1158 2592 1224 2640 haud
1241 2593 1275 2640 ita
1286 2593 1366 2643 fortis:
1383 2603 1505 2646 testantur

368 2672 439 2720 baad
453 2672 539 2734 lippe.
572 2671 700 2720 Bentleius
726 2674 830 2734 reluat,
851 2678 917 2740 quod
957 2667 1077 2730 Philippi;
1095 2678 1148 2717 erat
1165 2670 1241 2718 facin
1258 2671 1337 2729 irasci,
1354 2680 1438 2722 tamen
1454 2676 1504 2738 pb·

367 2749 447 2799 multa
463 2750 563 2814 quidem
579 2758 637 2800 sunt
658 2759 732 2810 nota,
758 2761 842 2803 tamen
867 2770 917 2804 non
958 2747 1049 2797 cubilis.
1087 2749 1238 2812 Deeringius
1262 2750 1420 2800 coniiciebat:
1448 2755 1505 2804 Hoc

367 2831 473 2894 indigna
490 2831 582 2889 relatu,
604 2838 629 2880 et
651 2831 770 2881 Horatius
787 2833 916 2897 Rupilium
958 2830 1049 2877 etenim
1060 2834 1121 2878 sunt
1138 2844 1219 2879 omnes
1236 2845 1303 2879 more
1319 2834 1424 2881 neclecti.
1455 2832 1505 2883 Sed

368 2912 469 2970 oderat,
486 2925 592 2975 eumque
609 2911 723 2960 omnibus
745 2914 849 2962 saeculis
866 2922 916 2964 tra.
959 2909 999 2956 ius
1015 2923 1088 2972 Saepe
1108 2909 1182 2958 hebet
1202 2909 1406 2972 significationem
1423 2916 1504 2962 enoris.

368 2991 470 3039 dueum
488 2990 597 3050 volebat,
614 3005 646 3040 ne
663 2991 730 3040 iocus
747 2992 917 3052 intercideret,
959 2990 1075 3038 Facimus
1092 2990 1183 3053 aliquid
1200 3005 1233 3038 ex
1250 3006 1328 3048 more,
1346 2998 1374 3039 ut
1389 2992 1505 3051 solemus,

368 3084 414 3120 nee
437 3070 523 3134 paucis
548 3079 635 3120 notum
662 3085 715 3120 csse
736 3073 828 3135 potuit,
850 3064 916 3137 quod
959 3069 1028 3118 nullo
1044 3077 1131 3118 contra
1147 3071 1255 3128 dicente,
1281 3085 1313 3119 ex
1340 3071 1440 3121 arbitrio
1461 3089 1504 3122 no-

368 3150 465 3214 publice
481 3151 508 3198 in
524 3151 655 3200 Praetorio
668 3160 749 3201 tetum
761 3162 832 3203 esset,
849 3155 919 3204 Haec
958 3156 1022 3209 stro,
1039 3153 1095 3200 t'are
1111 3158 1230 3215 usurpato
1246 3157 1271 3199 et
1287 3165 1408 3201 concesso.
1439 3152 1504 3202 Con-

367 3229 477 3294 profeeto
502 3230 584 3279 Faber
606 3246 656 3279 non
680 3233 821 3295 cogitabat,
838 3248 918 3297 neque
959 3229 1416 3294 feranturinterpretesadFlorumI.
1434 3247 1503 3286 xvir.

368 3309 442 3370 illud,
459 3311 526 3374 quod
544 3310 640 3359 addam.
663 3312 730 3374 Quis
746 3313 860 3361 omnibus
874 3328 917 3361 no·
991 3311 1067 3358 Inter
1080 3312 1196 3360 Hectora
1206 3313 1357 3359 Priamiden
1366 3314 1505 3362 enituerunt

368 3397 422 3439 tum
442 3398 509 3446 eret,
532 3389 664 3447 Horatius,
686 3392 729 3455 qui
749 3392 806 3441 edio
822 3392 918 3456 Rupilii
959 3394 1034 3450 etque
1050 3390 1118 3437 inter
1130 3390 1261 3437 Achillem.
1286 3389 1415 3439 Bentleius
1433 3393 1504 3442 vitio-

368 3469 447 3520 literis
463 3469 583 3518 mandare
605 3470 731 3534 cupiebat,
748 3472 802 3520 sine
823 3471 918 3520 offensa
957 3482 1014 3516 surn
1035 3468 1082 3516 hoc
1102 3468 1218 3531 loquendi
1240 3482 1318 3531 genus
1340 3477 1364 3517 et
1381 3469 1505 3522 ἰδιωτικὸν

369 3550 482 3614 Augusti
507 3552 626 3599 mandare
651 3558 754 3614 poterat,
779 3552 846 3601 Nam
862 3551 917 3601 Au.
958 3547 1044 3610 magni
1074 3547 1162 3596 emerit
1190 3561 1318 3611 nunquam
1343 3549 1374 3597 eb
1399 3551 1505 3601 Horatio

369 3637 457 3694 gustus
479 3644 593 3680 amarum
615 3629 692 3691 illud,
712 3634 757 3694 qut·
776 3648 844 3696 reyes
861 3647 917 3682 eon·
960 3626 1035 3676 fuisse
1051 3627 1200 3691 profectum:
1223 3629 1335 3691 quemvis
1352 3629 1428 3678 elium
1446 3633 1504 3680 seri-

368 3713 454 3762 suert'a
471 3712 558 3761 tollere
573 3724 625 3759 non
640 3710 719 3760 libem
736 3712 858 3762 audiebat.
959 3715 1054 3772 ptorcm
1071 3710 1138 3757 teter
1155 3708 1231 3757 semel
1250 3714 1346 3758 tantum
1364 3725 1466 3774 ponere;
1483 3715 1505 3760 si

400 3793 493 3840 Etiam
521 3792 578 3839 lites
611 3804 668 3840 eum
697 3791 766 3853 Repe
790 3793 916 3841 molestat.
959 3789 996 3838 bis
1008 3791 1043 3838 ite
1052 3789 1161 3852 ponitur,
1174 3805 1226 3838 non
1236 3789 1316 3852 magis
1327 3790 1357 3838 sb
1371 3805 1419 3839 usu
1430 3806 1504 3855 quam

368 3870 466 3920 Verum
474 3868 694 3918 existimonttam
705 3871 763 3918 lites
773 3885 829 3920 cum
839 3873 916 3934 Repe:
958 3885 974 3918 a
990 3870 1086 3919 ratione
1106 3872 1231 3919 recedere:
1256 3871 1356 3919 tandem
1377 3871 1452 3920 refert
1473 3874 1504 3920 ad

368 3951 495 4009 molestus,
519 3951 614 3997 Durus
639 3950 709 3998 homo
733 3965 769 4013 sq.
803 3950 917 4001 Habebat
958 3950 1141 4008 Hebraismum‚
1152 3964 1225 4014 quem
1235 3949 1398 4013 Septuaginta
1406 3965 1505 4015 expres-

368 4043 505 4093 permagna
530 4029 630 4092 negotia
647 4027 814 4090 Clazomenis,
840 4031 915 4081 etiam
957 4029 1042 4086 serint,
1059 4046 1083 4078 v.
1100 4044 1121 4077 c.
1139 4029 1189 4079 ἀνὰ
1206 4027 1284 4094 μέσον
1300 4031 1346 4078 τοῦ
1363 4031 1445 4094 φωτὸς
1462 4033 1503 4079 καὶ

368 4109 473 4158 habebat
483 4121 632 4173 pemragnas
643 4109 699 4158 lites
710 4123 766 4158 cum
775 4110 855 4174 Rege:
865 4127 916 4161 mc·
958 4107 1010 4157 ἀνὰ
1026 4108 1105 4172 μέσον
1115 4111 1160 4158 τοῦ
1171 4108 1288 4167 σκότους,
1306 4109 1371 4170 quod
1383 4109 1503 4157 Latinum

367 4188 451 4247 lectus,
468 4190 546 4237 durus
563 4189 644 4237 homo.
678 4189 801 4239 Molestus
818 4204 916 4255 quoque
958 4188 1116 4251 interpretem
1133 4187 1239 4236 noluisse
1256 4186 1337 4235 dicere
1350 4190 1417 4237 inter
1425 4193 1503 4241 lucem

368 4269 442 4318 home
466 4276 520 4318 erat
544 4269 658 4318 inimicus
683 4266 757 4318 illins.
795 4269 915 4320 Horatius
957 4273 982 4316 et
1006 4269 1219 4324 interemerat,
1244 4273 1329 4329 utpote
1346 4268 1437 4317 Latino
1453 4285 1503 4319 ser·

368 4362 404 4398 rs.
424 4349 462 4399 10.
480 4357 614 4412 utrumque
630 4354 703 4397 vocat
719 4351 858 4398 molestent
934 4368 937 4395 r
957 4359 1030 4394 mone
1046 4345 1162 4393 alienum.

400 4431 459 4479 Hoc
475 4431 567 4479 etenim
576 4430 915 4479 santmnnesieremetestt·
990 4425 1029 4474 De
1054 4426 1154 4474 ratione
1178 4424 1303 4486 disputare
1324 4426 1387 4474 nihil
1407 4429 1501 4480 attinet.

368 4508 473 4558 Ironice.
498 4509 570 4558 Idem
587 4508 625 4556 ius
645 4508 749 4566 habent,
765 4508 852 4557 saltem
870 4509 915 4557 sibi
958 4505 986 4556 Si
1008 4506 1136 4568 scriptores
1163 4505 1278 4568 probatae
1306 4506 1446 4559 Latinitatis
1467 4512 1502 4560 sic

367 4596 484 4645 sumunt,
501 4588 567 4650 quod
584 4586 668 4646 fortes,
685 4593 712 4635 ut
729 4587 779 4635 sint
800 4586 915 4650 implaca—
956 4586 1102 4648 loquuntur,
1127 4585 1238 4649 sequitur
1258 4599 1299 4634 eos
1320 4587 1383 4636 nihil
1409 4590 1434 4637 in
1456 4591 1503 4640 hac

368 4667 435 4716 biles.
469 4667 589 4723 Faciunt,
607 4666 672 4729 quod
689 4666 782 4715 Hector
792 4673 817 4714 et
830 4667 914 4716 Achil·
934 4667 936 4687 ¹
958 4666 1037 4715 forma
1061 4665 1261 4729 deprehendisse,
1285 4668 1350 4729 quod
1372 4670 1435 4717 ratio
1452 4685 1501 4718 non
