3750 5759
370 682 411 744 28
765 679 1115 746 SATIRARUM

777 904 995 970 SATIRA
1040 906 1102 970 HI.

458 1064 626 1143 Omnibus
651 1073 712 1139 hoo
735 1073 855 1139 vitium
878 1079 930 1140 est
952 1073 1158 1158 cantoribus,
1184 1074 1269 1141 inter
1292 1074 1414 1142 amices

415 1178 462 1245 Ut
484 1200 665 1265 numquam
687 1177 846 1243 inducant
868 1176 1017 1242 animum
1041 1182 1171 1243 cantare
1194 1178 1321 1264 regati,

415 1283 538 1349 Iniussi
561 1303 741 1368 numquam
766 1279 936 1346 desistant.
987 1281 1107 1347 Sardus
1131 1281 1273 1348 habebat

415 1387 476 1452 Ille
499 1386 656 1473 Tigellius
680 1386 749 1451 hec.
799 1384 934 1468 Caesar,
960 1385 1017 1471 qui
1040 1407 1154 1472 cogere
1177 1392 1309 1472 posset,

416 1490 451 1557 Si
473 1496 599 1576 peteret
620 1511 678 1575 per
701 1488 882 1555 amicitiam
904 1488 1009 1575 patris
1033 1493 1131 1575 atque
1154 1511 1248 1556 suam
1260 1538 1269 1573 ,
1297 1511 1363 1555 non

417 1593 603 1680 Quidquam
623 1593 811 1679 proficeret3
833 1593 861 1658 si
885 1591 1109 1676 collibuisset,
1133 1593 1255 1658 above

417 1698 529 1785 Usque
551 1697 593 1762 ad
615 1697 704 1763 mala
724 1697 857 1763 citaret:
882 1699 944 1781 „Io
966 1697 1134 1763 Bacchel“
1158 1697 1255 1763 modo
1280 1716 1410 1762 summa

415 1802 521 1885 Voce,
543 1800 641 1866 modo
660 1800 738 1884 hac,
759 1805 891 1866 resonat
911 1822 994 1887 quae
1017 1800 1146 1866 chordis
1171 1805 1309 1887 quatuor
1331 1798 1407 1863 ima

416 1905 473 1968 Nil
497 1905 630 1991 aequale
649 1903 776 1970 homini
798 1903 863 1969 fuit
883 1903 943 1969 illi.
993 1904 1096 1990 Saepe
1119 1904 1211 1970 velut
1231 1903 1287 1990 qui

544 2096 679 2147 SA-HRA
694 2096 745 2146 ΙΠο
957 2067 1262 2133 possetequneae‚cum
1272 2069 1401 2118 Iunonen
1413 2070 1507 2119 efferre·

958 2156 1000 2199 tur
1016 2162 1059 2212 per
1076 2155 1126 2198 tres
1143 2147 1262 2212 syllabas,
1287 2153 1315 2195 ut
1338 2163 1362 2197 v.
1384 2164 1405 2198 c.
1426 2151 1506 2199 Iulus.

410 2197 509 2293 Usque
524 2231 560 2293 ad
575 2230 642 2277 amia
658 2230 767 2278 citaret:
783 2230 832 2288 „Io
849 2230 918 2277 Bae·
959 2228 1111 2278 Doderlinus
1133 2244 1166 2278 ex
1188 2227 1359 2278 emendatione
1375 2229 1507 2279 Hirschfel-

371 2312 438 2361 ehe.“
471 2309 587 2357 Fortasse
608 2307 675 2356 solae
690 2307 799 2371 syllabae
815 2308 918 2358 istorum
959 2309 1012 2358 deri
1023 2309 1100 2358 edidit
1114 2310 1247 2359 Bacchea!
1262 2308 1434 2373 ιιιῶΒακχεῡ
1445 2311 1508 2374 apud

372 2390 504 2438 verborum
520 2395 603 2446 erant,
620 2402 680 2451 quas
697 2388 728 2435 ab
739 2401 787 2435 ovo
798 2389 830 2436 ad
841 2387 919 2446 mala,
960 2389 1115 2455 Sophoclem.

371 2484 431 2518 sono
453 2468 560 2526 variato,
581 2482 641 2516 voce
662 2482 728 2515 nunc
749 2474 833 2526 acuta,
853 2481 920 2515 nunc
995 2471 1075 2534 Saepe
1095 2471 1164 2519 relat
1184 2470 1229 2532 qai
1264 2468 1391 2518 Carrehat
1405 2469 1509 2533 faeiem

372 2551 455 2613 gravi,
476 2563 544 2597 nnnc
564 2548 656 2607 media,
678 2548 775 2612 qualem
797 2547 824 2595 in
844 2548 919 2596 choro
960 2553 1062 2599 lwsteaa.
1101 2549 1161 2597 Non
1182 2555 1242 2611 pute
1263 2561 1413 2612 quemquam
1434 2547 1509 2597 bonae

371 2630 526 2678 coniunctam
542 2628 601 2677 dicit
618 2627 711 2678 Seneca
721 2626 801 2690 Epist.
812 2627 852 2680 79.
877 2627 920 2675 Ti·
960 2629 1103 2678 Latinitatis
1119 2630 1258 2678 studiosum
1274 2628 1309 2676 ita
1322 2627 1509 2692 fuisseseriptn·

374 2708 461 2772 gellius
478 2707 595 2756 continuo
613 2706 739 2764 cantabat,
756 2707 875 2763 iterabat,
891 2712 920 2753 ut
960 2724 1029 2758 rum:
1047 2724 1120 2774 saepe
1136 2712 1268 2767 currebat,
1278 2707 1346 2756 velut
1359 2709 1510 2772 qaisaqieas

372 2804 430 2838 vere
447 2787 588 2837 emendavit
604 2785 741 2836 Bentleius.
775 2785 831 2834 Tali
847 2785 918 2833 itera·
961 2790 1070 2848 hossem,
1092 2802 1165 2852 saepe
1186 2787 1255 2837 velut
1276 2789 1320 2850 qui
1335 2788 1435 2852 ferret:
1457 2788 1510 2845 sed,

372 2870 438 2918 tione
454 2868 509 2932 plus
527 2867 618 2916 fastidii
640 2874 765 2926 movetur,
786 2880 861 2929 quam
883 2873 919 2915 to-
961 2885 1033 2934 saepe
1044 2871 1174 2926 currebat,
1186 2867 1254 2916 velut
1265 2867 1428 2932 quisaqeret,
1440 2881 1510 2931 saepe

371 2950 420 2997 tius
441 2948 568 3007 carminis,
590 2947 655 3011 quod
676 2953 813 3009 praetcrea,
834 2947 919 3005 credo,
962 2950 1030 2999 velut
1051 2950 1093 3014 qui
1108 2950 1207 3013 ferret,
1230 2947 1284 3008 vel,
1305 2950 1425 2997 currebat
1445 2947 1511 2996 velut

371 3027 470 3092 longius
487 3035 552 3086 crat,
569 3042 644 3091 quam
661 3034 689 3074 nt
713 3027 810 3089 saepius
827 3032 919 3088 repete·
961 3031 1005 3094 qui
1019 3030 1141 3094 faqiene,
1172 3042 1245 3092 saepe
1267 3026 1336 3075 velut
1357 3027 1400 3091 qui
1415 3028 1511 3092 sereres

372 3113 447 3155 retur.
464 3109 498 3156 Et
509 3108 682 3166 Horatius,ut
693 3107 718 3154 in
730 3106 920 3170 reprehensione
961 3110 1081 3160 Horatius
1105 3108 1237 3173 potuisset:
1269 3121 1344 3168 saepe
1373 3108 1443 3156 velut
1469 3107 1511 3169 qai

372 3186 426 3235 lieri
442 3186 515 3244 solet,
533 3201 585 3235 rem
601 3193 745 3249 exaggerat.
773 3186 869 3248 Operae
880 3185 921 3233 hie
965 3191 1092 3240 canebat
1104 3189 1213 3252 saqteas
1236 3189 1342 3243 trustem,
1365 3187 1421 3234 ibat
1440 3200 1512 3248 saepe

371 3267 478 3330 pretium
489 3274 526 3315 est
537 3267 630 3323 audire,
641 3267 712 3329 quod
718 3266 816 3329 scripsit
825 3266 920 3313 Fronto
962 3272 1031 3319 aetat
1054 3270 1099 3332 qui
1117 3269 1200 3316 Sacra
1213 3264 1302 3328 serens
1326 3266 1442 3314 Iunonie.
1474 3265 1512 3313 Ita

372 3347 412 3396 De
438 3346 610 3404 Orationibus,
634 3361 692 3409 pag.
716 3347 774 3395 251.
812 3346 921 3406 Fronto,
963 3348 1064 3398 vitasset
1080 3346 1265 3405 difficultatem,
1282 3359 1346 3409 quae
1362 3352 1400 3392 est
1416 3344 1442 3392 in
1459 3360 1513 3394 car-

372 3434 503 3490 postquam
519 3427 630 3475 irriserat
646 3427 790 3484 Lucanum,
816 3426 859 3489 qui
884 3441 920 3475 se·
962 3430 1041 3478 rebat.
1075 3428 1151 3478 Recte
1167 3427 1234 3476 enim
1251 3427 1346 3483 currit,
1363 3425 1512 3488 quihestem

372 3513 439 3569 ptem
459 3508 545 3570 primis
566 3507 678 3557 versibus
699 3506 843 3555 Pharsaliae
859 3506 922 3555 nihil
964 3502 1041 3571 fugit,
1063 3522 1114 3557 non
1136 3508 1231 3565 currit,
1256 3506 1299 3570 qni
1320 3519 1390 3554 sacra
1410 3504 1512 3554 Iunonis

373 3585 440 3634 aliud
465 3602 539 3650 quam
564 3589 628 3637 heila
651 3590 711 3650 plats
737 3603 812 3649 qaam
836 3588 922 3635 civilia
964 3587 1020 3636 fert.
1052 3585 1100 3636 Ille
1116 3589 1223 3645 incedit,
1240 3587 1395 3648 iaqreditur,
1410 3586 1446 3646 it,
1462 3584 1513 3647 βα-

373 3665 547 3728 interpretatus
559 3665 700 3723 est,addit:
715 3667 765 3713 Isti
776 3670 860 3713 autera
869 3671 922 3713 tum
964 3667 1036 3727 δίζει,
1052 3668 1118 3716 unde
1140 3664 1248 3730 Ἡραῖον
1268 3664 1391 3727 βαδίζειν.
1426 3663 1513 3727 Longe

374 3751 486 3795 crateres
502 3762 578 3808 quam
586 3749 674 3807 pactae
684 3745 810 3792 consimile
814 3743 922 3806 faciunt
964 3747 1033 3795 aliud
1050 3752 1087 3796 est
1103 3744 1208 3811 τρέχειν.
1241 3744 1324 3794 Plaut.
1342 3742 1447 3792 Poenul.
1464 3741 1513 3791 ΙΠ,

375 3831 451 3888 atque
466 3826 605 3874 citharoedi
620 3825 700 3872 soleret
716 3838 794 3871 anum
810 3824 923 3884 aliquam
964 3841 982 3875 1.
1002 3828 1039 3877 19.
1075 3827 1178 3874 Liberos
1190 3825 1300 3874 homines
1310 3838 1357 3886 per
1368 3825 1455 3872 arbem
1467 3837 1513 3870 me·

375 3906 483 3954 acenteta
509 3906 610 3952 literam
636 3902 666 3951 de
693 3903 805 3949 NONB
829 3903 868 3950 rel
894 3904 924 3951 de
964 3909 1019 3957 dico
1035 3907 1114 3968 araca
1129 3920 1180 3968 par
1200 3909 1238 3953 est
1262 3905 1346 3966 arada
1379 3903 1439 3951 Ire.-
1465 3916 1513 3951 aer-

377 3986 544 4033 AEDONE
562 3983 649 4031 nauita
669 3988 694 4031 et
716 3983 797 4031 varin
814 3984 922 4031 accenti-
965 3982 1515 4048 auliesseducosestiauatemearrere.Fuere,

376 4067 422 4113 baa
442 4081 493 4114 are.
527 4064 611 4112 Maius
632 4061 729 4126 legebat
745 4060 883 4111 IUNONE
900 4069 924 4110 et
965 4080 1026 4130 quos
1037 4065 1098 4113 illud
1109 4065 1241 4114 discrimen
1250 4078 1301 4112 non
1309 4063 1416 4111 latuerit.
1434 4062 1515 4124 Quare

376 4151 489 4196 cantare.
508 4145 660 4193 Redordatm
672 4140 838 4191 annotationis
847 4140 924 4189 Beni·
965 4161 998 4194 ex
1019 4148 1136 4196 currebat
1152 4144 1297 4194 eliciendum
1315 4149 1340 4191 et
1357 4141 1515 4205 cogitandum

376 4224 471 4273 lcianae
489 4224 650 4281 correxisset,
669 4224 696 4271 ni
716 4222 799 4279 fallor,
822 4223 924 4271 iterare.
966 4231 1054 4290 putant
1070 4225 1138 4273 lento
1155 4224 1236 4287 gradu
1251 4223 1393 4279 incedebat,
1415 4221 1459 4286 qui
1476 4223 1515 4271 111.

377 4304 479 4353 Mallem
489 4302 710 4369 quoquelNONE
719 4309 744 4351 ct
752 4300 924 4351 ADONIDE.
967 4305 1039 4355 nonis
1056 4318 1126 4354 sacra
1142 4309 1232 4367 portat.
1266 4301 1332 4350 Mihi
1353 4315 1404 4348 non
1426 4300 1515 4349 verosi·

378 4385 425 4433 Ine
449 4392 474 4432 et
495 4384 592 4433 Adonis
617 4389 687 4432 erant
707 4389 853 4446 argumenta
874 4395 925 4429 ear·
966 4384 1025 4434 mile
1042 4385 1151 4443 videtur,
1174 4389 1225 4432 tam
1248 4380 1399 4430 contrarium
1421 4394 1453 4428 ex
1475 4393 1515 4427 an-

378 4461 474 4511 minum
499 4463 603 4512 diverse.
642 4462 724 4512 Maius
750 4477 829 4510 unum
853 4468 927 4524 atque
957 4463 1088 4512 ‘recedenti
1113 4463 1223 4512 membro
1244 4459 1338 4525 periodi
1364 4459 1392 4508 in
1413 4473 1516 4523 sequens

380 4542 444 4590 idem
461 4543 531 4605 ponit
548 4542 651 4591 Iunonis
668 4541 798 4590 Aedonem
816 4546 841 4588 et
851 4541 926 4604 Poly·
967 4559 1038 4607 posse
1054 4543 1128 4593 trahi.
1162 4541 1324 4593 Divinabam:
1350 4537 1400 4588 Nil
1416 4542 1518 4602 aequale

379 4622 496 4670 technam
513 4621 635 4671 vexantis.
662 4622 716 4671 Nee
732 4621 791 4669 satis
809 4619 928 4682 intelligo,
969 4622 1069 4671 lierairri.
1090 4623 1153 4670 Fuit
1162 4622 1203 4669 illi
1211 4622 1376 4683 saepe,uelat
1387 4621 1433 4682 qai
1451 4618 1517 4668 Car·

381 4703 502 4765 quomodo
517 4717 569 4749 rana
577 4702 663 4764 aliqraa
671 4701 763 4750 evocatis
778 4701 854 4749 litera
863 4699 928 4748 sumi
969 4706 1036 4749 reret
1053 4698 1187 4764 avasieqieas
1204 4702 1309 4757 trustem,
1331 4714 1450 4762 persaepe
1474 4699 1517 4745 rel-
