3750 5759
414 692 432 753 8
804 677 1154 746 SATIRARUM

459 872 635 937 Turbatam
658 867 768 932 haurit
790 888 908 951 aquam
919 913 928 948 ,
953 885 1058 948 neque
1073 861 1176 927 vitam
1195 860 1322 926 amittit
1340 860 1374 924 in
1394 858 1501 924 undis.

459 976 507 1040 At
529 976 615 1040 bona
636 994 711 1058 pars
735 970 924 1051 hominurn,
949 967 1085 1052 decepta
1101 965 1254 1051 cupidine
1277 964 1380 1047 falso,

461 1077 541 1162 „Nil
558 1077 639 1142 satis
656 1078 741 1158 est,“
760 1073 879 1160 inquit,
898 1071 999 1158 „quia
1015 1070 1112 1152 tanti,
1133 1075 1293 1155 quantum
1309 1068 1441 1150 habeas,
1456 1065 1538 1132 sis.“

461 1181 548 1261 Quid
571 1180 672 1245 facias
696 1178 769 1243 illi?
814 1177 931 1243 Iubeas
956 1175 1113 1240 miserum
1137 1196 1208 1239 esse
1230 1172 1371 1238 libenter

462 1283 630 1364 Quatenus
655 1283 689 1347 id
712 1281 806 1364 facit,
831 1285 870 1346 ut
893 1279 1028 1364 quidam
1052 1281 1250 1344 memoratur
1272 1275 1414 1342 Athenis

451 1440 488 1485 at
505 1439 568 1486 bena
582 1452 646 1499 pura
664 1437 791 1485 hottenem
808 1436 910 1495 decepte
921 1448 963 1483 eu·
1003 1438 1028 1481 et
1039 1432 1074 1480 ed
1085 1428 1417 1494 gratificendtfeeuttatem,
1430 1432 1460 1476 nt
1471 1443 1555 1491 nuper

415 1518 503 1578 ptdine
512 1517 592 1582 falae.
616 1517 735 1566 Horatius
752 1515 848 1563 locutus
865 1520 918 1562 erat
934 1513 965 1560 de
1006 1509 1045 1559 M.
1065 1509 1176 1559 Crassus
1192 1510 1310 1572 nequeat,
1328 1509 1408 1556 ullam
1422 1507 1488 1556 satia
1500 1522 1554 1556 ma·

418 1596 513 1653 avaris,
539 1598 581 1660 qui
606 1596 721 1660 mcunias
738 1594 911 1651 comedebant,
937 1599 966 1640 ut
1004 1588 1556 1653 qnantpecunt'enteeeeet',qutinrepnblt'ca

418 1689 489 1723 senes
510 1676 537 1724 iu
559 1677 609 1725 otia
625 1683 678 1724 tuta
695 1674 848 1730 recederent,
865 1685 910 1719 nee
926 1677 964 1718 ta·
1004 1673 1123 1733 praecepa
1148 1670 1221 1718 uellet
1246 1685 1307 1726 ease,
1332 1670 1403 1719 enies
1417 1667 1556 1732 sumtibus

407 1769 476 1819 ‚men
502 1755 652 1804 fruebantur.
695 1751 865 1802 corradebant
889 1750 966 1814 igitur
1006 1750 1144 1799 exereitum
1164 1749 1232 1796 alere
1248 1763 1297 1797 non
1312 1753 1403 1810 posset.
1441 1747 1512 1810 Ergo
1530 1754 1557 1796 et

419 1833 491 1881 nulla
507 1834 558 1882 alia
574 1836 605 1882 de
621 1847 716 1891 caussa,
730 1831 780 1880 nisi
796 1838 824 1879 ut
841 1829 966 1878 haberent.
1008 1826 1114 1878 Crassus
1131 1827 1238 1875 dicebat:
1257 1829 1294 1875 nit
1310 1829 1375 1876 aetia
1387 1832 1431 1876 eat.
1448 1827 1484 1876 Et
1491 1826 1556 1875 Plu·

419 1914 494 1962 Nunc
514 1913 625 1976 loquitur
646 1913 677 1960 de
699 1911 749 1958 alio
771 1923 860 1973 genere
881 1922 967 1956 avaro·
1008 1907 1085 1957 tareh.
1102 1908 1133 1956 de
1150 1905 1260 1970 Cupidit.
1277 1907 1356 1956 Divit.
1368 1908 1403 1957 V.
1421 1907 1448 1955 in
1460 1907 1570 1956 caussis·

421 2007 495 2048 rum,
521 1991 704 2040 comedentium
733 1996 761 2036 ut
785 1997 885 2051 propter
909 2003 967 2051 opes
1007 1987 1145 2035 istiusmodi
1161 1987 1271 2035 nominat
1287 1985 1440 2050 φιλοτιμίαν.

421 2072 507 2135 magni
529 2071 724 2119 aestimarentur.
756 2069 832 2116 Tanti
848 2067 920 2133 :enim
939 2067 969 2115 fit
1043 2069 1089 2114 Nil
1111 2068 1175 2115 antia
1196 2072 1245 2123 eet,
1270 2066 1368 2129 intend,-
1394 2067 1455 2128 quie
1473 2069 1558 2125 tenti,

422 2149 537 2213 quisque,
557 2154 677 2211 quantum
694 2161 852 2194 nummorum
869 2146 895 2192 in
912 2159 969 2193 arca
1008 2153 1132 2209 quantum
1158 2148 1263 2203 hebens,
1287 2147 1330 2194 aia.
1371 2145 1500 2195 Plutarch.
1525 2148 1560 2196 de

422 2236 512 2276 servat.
530 2227 565 2276 Hi
575 2225 732 2290 appellantur
741 2226 836 2287 meopte?
844 2225 914 2286 false
927 2241 968 2274 cn·
1009 2225 1118 2290 Cupidit.
1137 2226 1215 2275 Divit.
1232 2227 1256 2278 7.
1277 2226 1424 2274 sententiam
1441 2227 1559 2275 nonnihil

420 2309 517 2370 pidt'ne.
537 2306 612 2367 Quid,
627 2319 725 2368 quaeso,
735 2304 867 2364 hiesnlsua
879 2305 970 2366 crepido
1008 2306 1128 2354 mutavit:
1146 2304 1258 2369 κέρδαινε
1275 2305 1317 2353 καὶ
1334 2304 1435 2368 φείδου,
1452 2306 1494 2354 καὶ
1512 2324 1559 2354 το-

423 2385 559 2450 siguificat!
590 2384 789 2434 Commentator:
818 2382 898 2441 „falsa
919 2383 970 2446 opi·
1010 2385 1102 2435 cebro-e
1120 2385 1203 2449 νόμιζε
1220 2384 1330 2433 σεαυτὸν
1346 2384 1428 2445 ἄξιον,
1447 2383 1477 2432 ὅσ
1506 2385 1561 2453 ,ἂν

422 2467 508 2524 nione,
531 2473 574 2513 aut
590 2467 673 2528 inepta
689 2472 713 2513 et
729 2465 797 2512 inani
813 2465 970 2526 cupiditate.“
1010 2467 1080 2529 ἔχῃς·
1114 2465 1148 2513 Ει
1165 2463 1214 2521 illi,
1232 2463 1278 2511 hoc
1295 2471 1408 2526 agentes,
1424 2463 1467 2511 lau
1519 2471 1560 2512 tu·

423 2545 505 2608 Igitur
527 2546 577 2593 iam
599 2545 660 2593 olim
680 2544 726 2592 fuit
742 2543 836 2606 duplex
851 2543 970 2607 interprc-
1011 2546 1075 2593 dent.
1111 2542 1243 2593 Caeterum
1260 2543 1341 2590 forma
1357 2545 1425 2592 tenti
1441 2544 1490 2600 aia,
1508 2558 1562 2592 non

422 2624 490 2672 tatio.
524 2625 580 2686 Ego
601 2625 709 2686 primum
731 2623 816 2670 dubito
832 2638 864 2670 an
881 2625 972 2685 cupido
1011 2625 1183 2673 contundenda
1200 2631 1236 2672 est
1252 2638 1309 2671 cum
1323 2622 1401 2672 altera
1413 2629 1502 2672 tantus
1515 2625 1561 2673 sta.

424 2703 458 2750 sic
475 2701 552 2764 accipi
569 2702 646 2764 possit
662 2716 707 2764 pro
723 2701 844 2763 ept'nt'one.
876 2696 904 2746 Si
916 2713 971 2760 pos·
1011 2706 1077 2754 Eam
1102 2704 1202 2753 Velleio
1226 2704 1324 2752 Patere,
1341 2703 1378 2752 Π,
1407 2702 1460 2753 103,
1486 2705 1560 2752 resti.

424 2781 469 2838 Sit»
486 2782 569 2844 OPiUiO
585 2781 633 2830 ista
649 2778 912 2840 ¹10118bs⁰l11tes01⁸a
929 2794 971 2842 ap·
1012 2786 1129 2834 tuendam
1160 2791 1235 2846 puto:
1268 2784 1403 2831 Tantamne
1428 2785 1457 2832 id
1480 2775 1562 2833 unum

424 2860 539 2923 pellatur.
581 2859 684 2923 Semper
709 2859 776 2907 essim
801 2858 893 2915 fiebat,
919 2856 972 2919 ipse
1012 2865 1200 2925 dixissequam
1211 2863 1255 2911 ille
1265 2863 1377 2911 ornnt'bua
1382 2862 1477 2925 faerit.
1493 2864 1562 2912 Tum

424 2940 542 2990 Horatius
559 2954 632 3003 saepe
649 2945 760 2996 testatur,
777 2945 805 2985 ut
820 2936 922 2985 divitiae
937 2936 972 2984 fa·
1012 2944 1116 3007 refulsit
1145 2947 1215 2992 certa
1244 2956 1301 3004 epea
1321 2943 1469 2997 liberorum,
1496 2944 1563 2991 viris

423 3034 503 3078 mam,
520 3021 602 3077 (Ῑθθῑῑὸ,
619 3018 695 3066 fidem
709 3025 734 3065 ei
748 3016 831 3064 omnia
845 3013 973 3077 praeclar&
1013 3023 1228 3070 tnatttntontoram
1246 3036 1282 3084 sq.
1316 3020 1398 3082 Quam
1414 3019 1491 3069 variis
1509 3035 1562 3070 mo-

424 3098 603 3160 possidentibus
620 3096 787 3145 conciliarent.
812 3093 840 3143 Si
856 3094 972 3156 interpre-
1013 3101 1050 3148 dis
1067 3100 1137 3149 loeus
1154 3100 1185 3148 ab
1202 3099 1375 3163 interpretibus
1395 3100 1427 3147 sit
1443 3096 1561 3158 tenmtus,

425 3185 506 3225 tamur
522 3179 609 3238 inepta
625 3183 650 3224 et
667 3177 740 3223 inunt
754 3173 973 3236 cupiditatem
1013 3187 1115 3242 apparet
1131 3195 1163 3228 ex
1179 3179 1336 3228 annotatione
1353 3177 1507 3235 Ruhnkenii,
1521 3179 1562 3227 cui

424 3256 525 3320 propria
541 3263 578 3304 esi
594 3255 707 3303 omnibut
724 3253 820 3311 avaris»
842 3252 892 3300 illis
914 3268 972 3316 quo·
1013 3259 1173 3308 Burmannus
1184 3266 1249 3308 recte
1263 3259 1405 3308 emendasse
1419 3257 1561 3306 videbatur:

425 3351 484 3399 que,
502 3351 562 3400 quos
578 3337 651 3384 modo
668 3334 865 3398 reprehenderat.
898 3335 973 3382 Nunc
1012 3342 1124 3388 contenti
1139 3343 1219 3388 atnam
1234 3339 1262 3387 id
1278 3353 1356 3386 unum
1373 3339 1474 3386 dhisse.
1504 3339 1564 3401 Ego

425 3422 507 3463 autem
525 3430 575 3463 non
591 3416 621 3463 de
634 3415 722 3464 iisdem
736 3414 795 3476 agit,
809 3414 852 3462 sed
867 3414 910 3477 qui
920 3428 972 3462 cor-
1013 3426 1139 3482 praeterea
1147 3432 1272 3481 proquam
1278 3416 1563 3480 legendumputoqnen-

425 3494 516 3543 radunt
540 3495 634 3557 decepti
658 3492 786 3556 cupidine,
812 3498 840 3540 ut
862 3493 972 3552 videtur,
1014 3502 1063 3545 tna.
1093 3497 1211 3546 Contenti
1226 3496 1306 3543 aterna
1323 3497 1350 3542 ut
1366 3510 1445 3543 unuin
1461 3495 1563 3553 demere,

425 3573 552 3622 nobiliore.
580 3573 700 3623 Horatius
711 3571 816 3620 scribere
826 3573 918 3635 potuit:
937 3576 973 3622 At
1013 3582 1126 3638 quantus
1152 3577 1195 3624 ille
1218 3576 1332 3624 osannae
1347 3574 1443 3639 suertt.
1477 3575 1562 3624 Mani-

425 3654 488 3701 tona
508 3668 572 3715 pura
594 3654 721 3701 hemissum
738 3652 840 3713 decepta
857 3654 975 3713 cupidine
1016 3656 1078 3704 festa
1103 3662 1167 3704 certe
1188 3663 1226 3704 est
1247 3654 1351 3703 imitatio
1368 3653 1443 3705 Corn.
1458 3655 1563 3718 Nepotis

426 3732 518 3779 lundis.
553 3730 669 3793 Decepti,
691 3727 773 3776 allecti
794 3728 921 3791 cupidine,
947 3737 975 3776 ul
1015 3733 1125 3782 Hannib.
1142 3733 1181 3797 Ν.
1216 3736 1328 3796 Lonpnm
1354 3739 1392 3783 eat
1414 3749 1563 3786 enumerare

428 3810 479 3857 vivi
500 3817 524 3858 et
544 3809 635 3857 mortui
657 3807 790 3855 laudentur
808 3813 907 3868 propter
923 3822 974 3855 ma·
1013 3814 1118 3874 proelio.
1157 3814 1245 3872 Quare
1265 3816 1309 3862 hoc
1330 3828 1409 3861 enum
1429 3813 1494 3861 aetra
1511 3818 1563 3864 erit

427 3902 488 3950 guas
511 3901 576 3950 opes.
612 3885 683 3934 Talis
709 3883 757 3930 fuit
780 3883 825 3931 ille
848 3883 974 3935 Staberius
1015 3892 1160 3948 dicterium
1176 3892 1563 3955 quotntetttqtpoaatt,qeantue

427 3966 501 4016 Satir.
527 3966 562 4014 Π.
580 3979 620 4012 111.
640 3963 680 4011 84.
697 3961 741 4024 qui
757 3976 861 4024 magnos
877 3963 974 4013 thesau·
1015 3970 1058 4021 tlte
1068 3971 1163 4036 fuerit,

427 4060 466 4092 r08
479 4045 626 4107 reliqutrti,
643 4049 668 4090 ei
680 4040 783 4088 heredes
805 4055 928 4091 summam
949 4045 975 4092 in
1050 4051 1143 4098 lubeas
1155 4052 1335 4099 nannenteaee
1345 4051 1456 4100 libenter.
1478 4051 1563 4100 Homo

426 4122 540 4186 sepulcro
553 4122 661 4171 incidere
674 4121 751 4179 iussit,
765 4120 825 4183 quia
840 4121 886 4171 hee
897 4127 976 4174 ueluti
1015 4127 1120 4176 libenter
1136 4128 1211 4187 miser
1227 4134 1275 4186 est,
1299 4128 1342 4192 qui
1360 4142 1414 4177 esse
1430 4128 1498 4186 vult,
1515 4130 1563 4179 sibi

426 4205 652 4265 virtuteparutum
663 4201 976 4262 Sperantmupneelaudt
1015 4207 1042 4258 in
1058 4222 1104 4256 sua
1120 4207 1219 4256 miseria
1237 4206 1331 4270 placet,
1352 4215 1380 4257 ut
1401 4208 1563 4258 Atheniensis

419 4284 488 4344 sere.
521 4284 561 4333 De
576 4281 710 4346 cupiditate
726 4280 793 4328 haud
809 4280 844 4330 ita
861 4283 977 4334 dissimili
1016 4286 1072 4344 ille,
1095 4286 1151 4349 qui,
1173 4285 1265 4350 populo
1281 4285 1407 4348 sibilante,
1429 4287 1475 4336 sibi
1491 4288 1562 4350 plau·

428 4361 516 4413 Cicero
533 4361 604 4412 offic.
615 4363 636 4412 1.
653 4362 677 4410 8.
712 4362 880 4425 Expetuntur
891 4371 976 4417 autem
1016 4364 1096 4413 debat.
1119 4363 1212 4414 Seneca
1226 4365 1357 4428 Epist74.
1385 4367 1481 4416 Eodem
1491 4369 1563 4416 mede

427 4443 533 4492 divitiae
550 4457 607 4490 earn
623 4443 658 4490 ed
670 4456 728 4490 nsua
739 4442 807 4490 vitae
817 4447 976 4503 necessarios,
1008 4445 1058 4507 fit,
1076 4450 1105 4492 nt
1122 4446 1217 4495 animm
1234 4448 1339 4496 libenter
1356 4461 1453 4510 uepres,
1477 4452 1502 4496 et
1521 4462 1561 4496 ea-

428 4526 482 4570 tena
507 4521 541 4569 nd
561 4521 732 4584 perfruendos
754 4522 902 4584 voluptates.
940 4526 975 4572 In
1014 4527 1117 4584 ptantca
1133 4537 1238 4574 caussas
1255 4527 1359 4588 deteris,
1381 4531 1465 4575 uetere
1486 4531 1563 4588 atque

426 4602 518 4663 quibes
543 4605 628 4648 autem
648 4601 728 4648 nruier
749 4606 786 4648 eat
807 4602 922 4658 unimus,
948 4604 975 4650 in
1014 4603 1149 4651 obliterata
1165 4608 1323 4656 contristent.

426 4681 459 4728 tn
475 4680 598 4742 pectentes
614 4679 742 4740 cupiditas
760 4684 858 4741 spectet
874 4682 909 4729 nd
919 4695 976 4743 epea
1052 4681 1183 4739 Quatenus
1200 4685 1229 4734 id
1237 4685 1322 4750 feeit,
1344 4689 1379 4736 Ut
1398 4688 1500 4751 peridem
1514 4703 1561 4737 me-
