3750 5759
795 700 978 765 LIBER
1023 700 1065 764 ΙΙ.

411 885 632 973 Adspicere?“
657 885 710 970 „0
733 886 818 951 nulli
841 886 1021 973 quidquam
1044 885 1197 970 mentite,
1223 887 1313 952 vides
1337 893 1375 953 ui

411 991 527 1057 Nudus
551 991 709 1077 inopsque
732 992 866 1056 domum
889 992 1038 1074 redeam,
1063 996 1096 1056 te
1118 994 1206 1069 vate;
1231 1013 1335 1077 neque
1359 991 1428 1058 illic

384 1180 388 1187 ⁶
412 1095 483 1159 Aut
505 1094 662 1180 apotheca
683 1095 789 1180 procis
813 1095 938 1160 intacta
961 1099 1012 1160 est
1033 1100 1092 1160 aut
1112 1117 1230 1180 pecus:
1255 1095 1347 1181 atqui

413 1196 459 1262 Ei
480 1219 584 1283 genus
608 1204 642 1264 et
660 1199 782 1282 virtus,
806 1198 872 1264 nisi
895 1220 971 1263 cum
994 1220 1046 1281 re,
1061 1198 1158 1263 vilior
1180 1198 1256 1284 alga
1279 1201 1363 1265 est.“

415 1300 578 1384 „Quando
600 1302 808 1389 pauperiem,
832 1301 943 1368 missis
971 1301 1186 1386 ambagibus,
1212 1302 1343 1386 horres,

368 1442 434 1491 Mihi
451 1458 501 1491 non
523 1444 584 1493 adeo
600 1443 686 1508 placet.
722 1441 818 1493 Caussa
834 1444 913 1502 enim,
956 1446 992 1494 sis
1008 1446 1161 1508 umbcpibus,
1178 1447 1374 1510 beroaitecipe.
1407 1445 1498 1496 Omnia

367 1536 412 1570 cur
436 1522 544 1572 Tiresias
569 1523 687 1587 Ulyssem
709 1524 744 1573 sic
765 1523 914 1588 alloquatur,
956 1524 1057 1574 Latina.
1079 1525 1171 1589 Virgil.
1189 1526 1238 1576 IX.
1263 1527 1330 1576 Aen.
1352 1527 1498 1577 811111-

367 1616 419 1650 non
444 1609 546 1665 apparet
568 1603 640 1653 valde
664 1604 759 1653 idonea
793 1603 914 1653 Horatius
957 1609 1010 1654 tum
1027 1607 1102 1655 111111
1119 1609 1303 1670 nuaeiusuupit.
1319 1606 1497 1657 Horatsatir·

368 1674 497 1744 scripsisse
510 1683 618 1731 videtur:
639 1684 735 1733 Tamne
751 1685 832 1734 micro
855 1685 914 1732 Nou
957 1682 992 1731 Il.
1009 1697 1049 1732 111.
1066 1686 1106 1733 39.
1125 1688 1209 1748 pudor
1230 1687 1352 1735 tamaius
1369 1688 1454 1750 eupit:
1474 1693 1499 1733 et

368 1763 432 1810 eatis
447 1767 485 1810 eat
501 1760 620 1811 Ithacam
637 1765 728 1812 revehi.
761 1763 914 1826 Ulyssesro·
956 1762 1066 1812 absolute
1091 1763 1164 1814 Satir.
1181 1765 1217 1814 II.
1238 1779 1267 1813 11.
1291 1765 1331 1814 64.
1356 1766 1403 1814 liae
1427 1772 1500 1828 urpet

369 1848 485 1905 gereret,
509 1849 537 1890 ut
568 1841 678 1890 Tiresias
694 1844 804 1901 doceret,
826 1844 914 1908 quibus
957 1842 1046 1905 lupus,
1072 1845 1119 1893 lenc
1135 1845 1206 1894 cacia
1222 1847 1301 1908 cupit.
1336 1847 1420 1894 Heres
1441 1844 1498 1892 ridi·

369 1921 462 1968 artibus
474 1922 565 1969 amissa
577 1928 792 1985 reparareposset.
805 1923 915 1972 Tiresias
957 1920 1026 1979 culs,
1042 1921 1085 1984 qui
1106 1933 1174 1970 metu
1191 1924 1341 1986 paupertatis
1358 1931 1498 1986 angeretur.

370 1999 472 2048 ridebat.
497 2000 581 2048 Iratus
603 2000 721 2065 Ulysses:
744 2004 806 2065 quid
829 2003 916 2052 rides?
957 2000 1076 2050 Horatius
1094 2002 1216 2051 Tiresiam
1233 2010 1257 2052 et
1273 2003 1390 2066 Ulyssem
1407 2018 1499 2066 magna

371 2079 480 2128 Tiresias
496 2094 553 2128 cum
570 2080 708 2143 paullulum
724 2082 916 2138 tacuisset,res·
958 2078 1090 2129 verborum
1116 2082 1230 2131 comitate
1255 2096 1282 2131 11
1310 2083 1416 2132 invicem
1441 2085 1499 2134 facit

371 2159 473 2222 pondet:
491 2160 576 2222 Rogas
592 2174 637 2208 cur
653 2161 767 2210 riserim?
791 2161 915 2210 Putabam
957 2157 1116 2222 alloquentes.
1133 2162 1236 2224 Ulysses
1248 2163 1383 2226 inceperat:
1404 2162 1500 2212 Occulti

370 2239 465 2287 homini
488 2248 540 2288 tam
556 2242 640 2289 doloso
656 2242 714 2290 satis
735 2255 789 2290 esse
802 2241 915 2290 Ithacam
957 2241 1093 2302 quidquam
1115 2243 1232 2292 incutite!
1257 2242 1378 2291 Tiresias:
1401 2245 1500 2292 Hune!

370 2318 463 2378 revehi,
475 2333 580 2383 eumque
597 2321 663 2369 viam
680 2319 749 2370 facile
765 2322 846 2384 ipsum
862 2321 916 2370 sine
957 2316 1074 2382 Ulysses:
1098 2323 1202 2382 Aupur!
1236 2320 1358 2369 Tiresias:
1381 2337 1397 2370 o
1424 2323 1500 2370 Laer-

370 2400 492 2448 mouitore
517 2414 570 2448 esse
594 2400 760 2449 inventurum.
794 2403 833 2450 lia
856 2401 916 2460 tibi,
958 2399 1040 2447 tiode!
1057 2397 1500 2464 Herbstius,utperspiceretur,quid

370 2487 422 2527 tam
440 2479 535 2538 doloso,
557 2479 646 2528 melius
663 2480 762 2542 cognita
782 2487 819 2529 est
841 2494 916 2544 quam
956 2476 983 2524 in
999 2478 1179 2526 constructione
1195 2479 1327 2527 verborum
1349 2480 1500 2543 1111111111-

372 2559 441 2607 mihi.
957 2563 1007 2614 ret,
1033 2572 1076 2614 ea,
1103 2572 1166 2621 quae
1191 2558 1222 2606 ab
1247 2559 1300 2622 ipso
1316 2560 1420 2609 Horatio
1436 2561 1501 2609 dicta

404 2638 563 2688 Heindorfius
581 2639 712 2702 accipiebat
728 2639 780 2705 1111
794 2653 843 2687 non
854 2645 916 2685 tam·
957 2642 1029 2694 sunt,
1045 2635 1157 2700 collegit:
1174 2638 1301 2699 Mcaeime,
1314 2641 1369 2701 queit
1385 2643 1500 2700 11111-

371 2732 447 2780 quam
465 2734 513 2767 non
529 2721 595 2776 iarn,
611 2718 657 2766 ie.
674 2732 724 2766 non
735 2715 847 2780 amplius.
865 2716 916 2764 Do·
956 2716 1034 2778 piter,
1054 2718 1194 2765 eeciumnt!
1220 2718 1341 2780 Quisquis
1361 2719 1411 2767 erit
1432 2721 1500 2770 citae

371 2796 480 2845 derliuus
497 2797 543 2845 hoc
559 2811 611 2845 esse
627 2798 746 2846 Latinum
762 2803 850 2859 negat,
866 2811 916 2845 nou
958 2796 1065 2844 scribam
1087 2796 1161 2844 color.
1195 2797 1266 2844 Aisa
1292 2812 1348 2845 cum
1364 2798 1502 2848 immeritos

372 2875 453 2938 magis
470 2891 544 2939 quam
562 2892 630 2926 nemo
646 2891 712 2935 uon,
736 2879 797 2925 dum
817 2891 849 2926 ue
872 2890 917 2938 pro
959 2876 1059 2933 occidit,
1074 2875 1179 2937 desipit,
1200 2889 1283 2937 aquus.
1317 2877 1371 2925 Nec
1380 2877 1456 2940 serre
1472 2884 1502 2926 ut

371 2969 422 3003 noa
437 2970 520 3012 11111,
541 2956 639 3003 nedum.
674 2954 827 3005 Sententiam
851 2969 917 3004 esse:
960 2955 1057 3002 demeres
1087 2954 1234 3015 certatricem
1267 2955 1359 3003 occidis
1393 2957 1502 3007 Orestes.

372 3040 417 3081 tua
432 3040 457 3082 te
473 3032 571 3081 fortuna
587 3035 613 3081 in
629 3035 736 3097 patriam
752 3034 859 3093 reversi,
868 3035 917 3082 iam
961 3032 1048 3080 Poene
1064 3045 1161 3081 1111111
1172 3033 1237 3080 arat
1247 3034 1306 3081 dum
1319 3035 1407 3082 turdos
1417 3042 1502 3085 111111

372 3127 440 3160 nunc
456 3113 518 3161 adeo
534 3112 639 3162 ferocem
659 3114 781 3178 rebusque
801 3114 849 3162 tuis
868 3127 918 3162 non
960 3113 988 3159 iu
1003 3113 1068 3174 ipae.
1100 3110 1132 3160 In
1149 3111 1211 3171 istis,
1227 3122 1295 3174 puto,
1307 3113 1427 3176 exemplis
1439 3115 1502 3164 nihil

373 3198 519 3241 contentum
536 3191 608 3240 facit?
961 3196 997 3238 est
1016 3191 1082 3254 quod
1101 3206 1266 3255 quemquam,
1291 3206 1323 3240 ne
1344 3193 1371 3240 iu
1393 3195 1503 3244 oratione

410 3273 515 3322 Ouutli
530 3274 666 3335 quidquam
683 3273 791 3320 mentite.
816 3271 919 3335 Ulysses
961 3270 1060 3332 quidem
1074 3284 1160 3332 prosa,
1173 3271 1504 3338 meritooffeudat,excepto

375 3351 647 3401 orationemaTiresia
663 3351 795 3414 abruptam
811 3351 919 3400 1111111-
963 3351 1048 3397 Paene
1072 3364 1169 3398 macros
1189 3353 1262 3398 ursit.
1296 3349 1347 3398 Ubi
1368 3356 1452 3400 tamen
1477 3354 1503 3401 in

374 3431 471 3489 11111111,
486 3428 557 3493 quasi
573 3429 649 3478 verba
664 3429 730 3478 illius
746 3444 797 3478 non
813 3431 919 3480 audivis-
960 3427 1085 3476 nonnullis
1102 3426 1179 3478 MSS.
1205 3426 1308 3491 legitur:
1334 3430 1421 3478 Poene
1437 3434 1504 3479 ursit

374 3519 421 3570 set,
437 3525 542 3574 eumque
552 3510 642 3558 blanda
653 3510 798 3558 allocutione
809 3509 919 3560 sibicon·
960 3522 1064 3557 macros.
1099 3506 1126 3557 si
1146 3507 1258 3555 idoneam
1279 3507 1448 3571 exemplorum
1464 3524 1504 3558 oo·

375 3590 460 3639 ciliare
475 3591 566 3638 studet.
960 3587 1038 3649 piam,
1063 3587 1104 3635 isti
1131 3590 1217 3636 Pneue
1242 3602 1338 3637 macros
1355 3590 1420 3638 arsit
1436 3589 1504 3638 simi·

413 3672 520 3731 Quando
537 3672 685 3734 pauperem
710 3671 794 3719 mauu
811 3672 919 3734 11111191·-
961 3666 1031 3726 lium,
1049 3667 1075 3715 in
1091 3667 1215 3730 castigatis
1232 3667 1311 3730 poitis
1327 3668 1503 3729 inveniremus,

377 3751 422 3798 bus
440 3751 543 3807 lones,
585 3752 683 3812 Accipe.
717 3750 919 3800 Hemsterhnsius
961 3748 1075 3806 dicerem,
1092 3762 1133 3796 eos
1150 3747 1209 3796 talia
1226 3748 1257 3795 ad
1273 3761 1373 3796 cursum
1386 3751 1504 3799 orationis

375 3829 582 3892 operaepretium
595 3830 668 3877 duxit
681 3837 825 3880 annotasse:
843 3831 919 3890 „Inn-
962 3828 1145 3891 impediendum
1161 3827 1317 3893 quaesivisse.
1334 3828 1503 3881 Adhuccaus·

378 3910 457 3971 ganda
474 3915 540 3967 sunt,
557 3911 641 3972 accipe
656 3911 740 3958 missis
751 3911 920 3973 ambcpibus.“
961 3923 1015 3957 sam
1031 3907 1137 3956 librariis
1154 3907 1180 3956 in
1197 3908 1354 3958 describendo
1365 3911 1503 3960 errantibus

377 3988 434 4037 Iam
467 3986 662 4037 commentator:
700 3989 811 4047 „omissis
835 3988 920 4037 multis
961 3988 1070 4037 tribuere
1094 3989 1186 4038 mabm.
1220 3988 1280 4037 Alia
1300 3989 1452 4050 Horatiana,
1476 3999 1505 4039 ut

378 4066 459 4116 verbis
478 4068 582 4130 accipe.“
604 4068 669 4116 idem
686 4070 808 4117 docuerat.
831 4069 920 4132 Neque
961 4068 1021 4125 dixi,
1038 4082 1078 4117 me
1098 4082 1148 4116 non
1164 4067 1298 4116 offendunt.
1321 4067 1440 4117 Horatius
1457 4069 1505 4118 ista

378 4147 451 4195 aliter
467 4153 557 4209 potest,
573 4147 622 4194 nisi
637 4161 681 4209 per
692 4147 790 4210 ellipsin
801 4148 919 4211 interpre-
961 4149 997 4196 sic
1013 4148 1126 4196 ordinare
1148 4148 1241 4210 politico
1268 4148 1332 4196 mori
1357 4149 1503 4197 convenien-

378 4233 472 4275 temur:
489 4225 600 4288 quando,
617 4226 697 4274 missis
713 4227 857 4291 ambagibus
868 4230 920 4278 sine
962 4229 1011 4276 tius
1028 4228 1138 4291 putabat,
1150 4242 1226 4290 quam
1242 4227 1264 4275 si
1274 4226 1424 4290 scripsisset:
1441 4230 1504 4278 scri·

379 4305 433 4354 ulla
461 4305 604 4353 circuitione
629 4305 771 4369 simpliciter
796 4308 920 4371 professus
962 4310 1031 4370 bem,
1047 4310 1160 4371 quisquis
1176 4311 1226 4357 erit
1245 4309 1313 4356 citae
1328 4307 1403 4354 color.
1420 4310 1504 4368 Appos

379 4401 418 4444 es,
434 4393 459 4433 te
475 4384 616 4447 pauperiem
635 4385 739 4435 horrere.
776 4387 862 4437 Simile
878 4403 920 4436 ex·
962 4404 1018 4438 cum
1034 4389 1172 4437 inemeritos
1192 4386 1294 4444 occidit,
1316 4386 1409 4447 desipit
1425 4387 1503 4434 Aius.

380 4465 488 4530 emplum
505 4464 637 4512 verborum
653 4466 688 4513 ita
704 4466 862 4515 traiecturum
872 4483 922 4516 nou
962 4469 1016 4516 Nec
1025 4466 1101 4529 ferro
1124 4468 1216 4516 1111111
1236 4465 1382 4527 1111111111
1399 4465 1504 4513 insanus

379 4553 440 4608 puto
456 4544 569 4593 inveniri.
590 4545 669 4609 quue
685 4560 715 4594 eo
731 4547 811 4610 magis
827 4547 858 4595 ab
871 4548 923 4596 Ho·
965 4550 1070 4597 Orestes.

381 4625 444 4673 ratio
460 4624 553 4672 lactum
570 4639 623 4673 esse
639 4625 722 4683 miror,
738 4641 795 4674 cum
806 4629 923 4690 potuisset
995 4626 1077 4676 Video
1094 4625 1143 4673 iam
1164 4622 1336 4674 Heindorlium
1353 4623 1436 4672 missu
1451 4638 1504 4672 cm·

381 4705 498 4763 scribere,
516 4719 540 4752 v.
558 4717 578 4752 c.
596 4707 676 4768 Anqit
691 4709 841 4768 pauperies?
859 4707 923 4756 Mia-
964 4707 1067 4770 bnpibur
1088 4705 1122 4753 ite
1147 4719 1198 4754 esse
1221 4704 1420 4766 interpretatum:
1438 4701 1504 4763 Quo·
