3750 5759
419 674 480 735 174
812 669 1164 734 SATIRARUM

463 863 573 946 „Nos,
598 861 663 925 nisi
687 861 843 924 damnose
866 860 1028 940 bibimus,
1053 860 1229 924 moriemur
1249 859 1391 937 inulti;“

460 967 506 1030 Et
529 965 645 1030 calices
668 964 775 1049 poscit
797 963 946 1028 maiores.
996 963 1129 1028 Vertere
1151 962 1257 1048 pallor

463 1069 545 1132 Tum
562 1067 694 1152 parochi
718 1065 854 1147 faciem,
877 1065 925 1128 nil
949 1066 996 1130 sio
1017 1065 1197 1130 metuentis
1221 1071 1260 1130 ut
1281 1088 1370 1131 acres

463 1172 616 1252 Potores,
642 1169 693 1234 vel
721 1168 807 1252 quod
834 1168 1037 1234 maledicunt
1060 1168 1212 1250 liberiuS,
1238 1169 1291 1233 vel

462 1273 602 1340 Fervida
623 1273 709 1357 quod
730 1272 851 1336 subtile
867 1272 1046 1336 exsurdant
1069 1272 1147 1337 vina
1174 1271 1333 1356 palatum.

462 1381 637 1443 Invertunt
659 1375 817 1440 Allifanis
841 1375 968 1440 vinaria
992 1380 1062 1440 tota

461 1481 615 1548 Vibidius
641 1479 837 1562 Balatroque
861 1478 981 1543 secutis
1007 1479 1176 1544 omnibus:
1201 1479 1261 1543 imi

462 1583 626 1651 Convivae
648 1583 725 1647 lecti
748 1581 890 1645 nihilum
914 1603 1051 1646 nocuere
1064 1582 1212 1666 lagenis.

460 1687 605 1752 Affertur
628 1684 765 1770 squillas
788 1684 874 1749 inter
896 1705 1052 1748 muraena
1075 1689 1247 1768 natantes,

461 1791 501 1855 In
517 1788 632 1875 patina
642 1792 797 1873 porrecta
826 1786 893 1852 Sub
906 1787 967 1850 hoc
978 1786 1092 1851 herus:
1108 1787 1221 1868 „Haec
1237 1789 1410 1873 gravida,“
1429 1789 1562 1874 inquit,

462 1893 592 1977 „Capta
614 1894 681 1972 est,
706 1889 845 1954 deterior
867 1895 944 1974 post
966 1895 1098 1974 partum
1122 1912 1217 1956 carne
1240 1892 1363 1956 futura.

463 1996 526 2061 His
550 1995 693 2059 mixtum
718 1992 769 2058 ius
793 1997 863 2057 est:
889 1992 978 2074 oleo,
1004 1993 1091 2077 quod
1114 1993 1222 2078 prima
1245 1995 1381 2060 Venafri

461 2099 587 2164 Pressit
610 2096 710 2175 cella;
734 2118 812 2181 garo
838 2096 877 2160 de
901 2094 1008 2160 succis
1033 2096 1134 2180 piscis
1160 2097 1265 2181 Iberi,

460 2203 547 2267 Vino
571 2200 794 2285 quinquenni,
820 2221 933 2264 verum
958 2199 1041 2263 citra
1064 2222 1153 2264 mare
1177 2206 1274 2284 nato,

460 2307 548 2369 Dum
573 2303 740 2387 coquitur,
766 2308 856 2367 cocto
882 2301 1003 2366 Chium
1029 2302 1075 2367 sic
1100 2305 1269 2388 convenit,
1296 2313 1423 2371 utnon

459 2409 530 2473 Hoc
554 2407 661 2491 magis
685 2405 792 2470 ullum
815 2406 926 2487 aliud,
948 2405 1060 2490 pipere
1084 2407 1181 2489 albo‘,
1207 2431 1274 2473 non
1299 2410 1369 2475 sine
1392 2415 1506 2493 aceto,

459 2510 553 2590 Quod
576 2509 840 2591 Methymnaeam
863 2508 945 2573 vitio
969 2511 1146 2575 mutaverit
1168 2534 1277 2600 uvam.

459 2615 583 2678 Erucas
607 2612 744 2695 virides,
769 2612 877 2676 inulas
902 2632 963 2696 ego
986 2612 1113 2696 primus
1137 2625 1264 2680 amaras

457 2715 640 2782 Monstravi
663 2715 853 2800 incoquere;
879 2714 991 2780 illutos
1018 2715 1178 2784 Curtillus
1206 2719 1354 2801 echinos,

446 2858 511 2917 Nos,
532 2860 583 2906 risi
605 2860 722 2905 derrasse
741 2858 857 2913 bibimas,
875 2858 961 2903 araris-
1006 2860 1140 2917 secundae,
1163 2863 1256 2909 tertias
1277 2861 1375 2909 tertiae.
1411 2860 1482 2907 Nam
1502 2861 1562 2921 plu-

412 2954 469 2988 mur
485 2938 572 2985 tactu.
603 2936 630 2986 Si
647 2937 729 2998 cogito
745 2951 821 2999 quam
838 2949 896 2981 rara
912 2937 961 2982 sint
1004 2939 1097 2986 rimam
1114 2938 1195 3001 refert
1211 2955 1261 2988 aaa
1277 2939 1560 2997 arbcmeiteratianm

411 3018 484 3066 huius
496 3014 605 3063 adverbii
618 3015 745 3077 exempla,
760 3029 835 3078 quam
847 3012 962 3076 frequens
1004 3019 1131 3080 multaque
1144 3021 1229 3067 atinus
1243 3019 1414 3066 tertiationem
1430 3031 1489 3066 cum
1504 3018 1560 3079 pri-

411 3102 497 3145 contra
520 3107 578 3140 usus
600 3093 778 3141 adiectivorum
799 3092 896 3140 omissis
919 3098 961 3149 ut,
1004 3111 1194 3159 impressere,
1219 3098 1338 3159 quoniam
1360 3097 1430 3158 loape
1447 3096 1560 3144 melioris

341 3225 345 3234 ,
412 3185 555 3239 tamquam,
573 3174 623 3221 fere
640 3174 666 3221 in
683 3188 738 3221 earn
754 3172 902 3221 sententiam
920 3172 962 3218 ad-
1002 3177 1100 3237 saporr's
1125 3180 1176 3236 est,
1202 3177 1268 3239 quad
1292 3177 1388 3223 minore
1410 3176 1439 3222 in
1460 3175 1556 3236 prelis,

409 3258 494 3312 ducor,
510 3261 538 3301 ut
560 3253 696 3302 Horatium
718 3253 843 3316 scripsisse
859 3258 960 3314 putem:
1003 3254 1076 3316 quasi
1089 3254 1207 3302 lixivium
1227 3254 1370 3316 defluxerit.
1405 3251 1507 3302 Plinius
1523 3253 1557 3301 Η.

411 3333 479 3392 Nos,
495 3335 546 3382 nist
562 3333 675 3381 damnosi
691 3333 810 3390 bibimus,
825 3333 961 3379 moriemur
1002 3332 1035 3380 N.
1053 3330 1114 3379 XV.
1135 3332 1156 3380 l.
1185 3334 1279 3380 Prima
1296 3335 1366 3380 unda
1380 3334 1450 3395 preti
1467 3334 1556 3381 lauda

410 3416 496 3464 inulti.
529 3411 642 3460 Bibimus
659 3418 689 3458 ut
706 3413 831 3469 darriaosi,
849 3409 960 3472 quisuis
1003 3412 1115 3468 tissima,
1137 3425 1167 3459 ac
1188 3412 1276 3460 alaude
1297 3427 1343 3473 per
1360 3413 1555 3460 imminutiones.

410 3495 483 3543 rebus
517 3493 635 3540 damnum
660 3489 782 3547 afferunt,
813 3503 854 3537 eas
879 3489 960 3551 prodi·
1002 3488 1074 3549 Quod
1093 3489 1169 3551 igitur
1183 3489 1265 3537 oleum
1277 3489 1339 3538 cella
1350 3489 1457 3538 Venafri
1468 3492 1556 3553 prima

411 3581 481 3636 gunt.
1001 3570 1102 3631 pressit,
1128 3576 1165 3616 est
1190 3570 1401 3632 pinguissimum,
1432 3571 1555 3634 optimum

446 3653 520 3711 Quod
537 3651 622 3714 prima
643 3645 750 3708 Venafri
772 3647 872 3694 Pressit
889 3648 960 3694 cell.
1000 3648 1185 3698 Venafranum.
1219 3649 1310 3698 Postea
1331 3648 1386 3696 vidi
1408 3655 1433 3696 et
1450 3649 1554 3698 Lambi-

409 3732 513 3787 Oleum,
538 3729 603 3793 quod
624 3727 746 3789 primum,
770 3726 851 3786 prima
872 3726 925 3773 vice
946 3740 960 3772 e
1000 3744 1061 3777 num
1075 3727 1222 3789 explicasse:
1241 3729 1430 3792 ,‚0leum,quod
1443 3730 1554 3792 primum

409 3811 489 3859 baccis
505 3811 532 3856 in
548 3808 611 3856 cella
628 3805 784 3868 exprimitur.
820 3806 927 3852 Primus
945 3819 960 3850 a
1000 3825 1032 3858 ex
1054 3807 1127 3857 olivis
1148 3807 1298 3856 Venafranis
1320 3809 1434 3857 manavit
1456 3810 1552 3868 verius,

408 3889 508 3953 proprio
529 3885 683 3934 substantivo
704 3885 736 3931 ad
758 3882 826 3930 aliud
843 3883 958 3930 transfer·
1000 3904 1075 3951 quam
1093 3901 1238 3949 expressum
1255 3895 1304 3937 est:
1322 3890 1388 3952 quod
1405 3895 1491 3937 nostro
1503 3902 1553 3936 ser-

408 3979 456 4017 tur.
482 3965 574 4029 Virgil.
592 3963 683 4025 Georg.
701 3963 722 4010 I.
736 3962 773 4009 12.
804 3961 853 4009 Cui
872 3964 959 4023 prima
999 3983 1073 4016 mone
1096 3972 1229 4028 parentem
1254 3982 1298 4016 seu
1324 3975 1432 4017 ciatrem
1454 3975 1552 4031 guttam

402 4049 556 4112 frementem
583 4045 663 4091 Fudit
685 4059 775 4104 equum
798 4043 888 4099 tellum
911 4042 959 4089 h00
999 4047 1177 4109 appellamus.“
1210 4047 1302 4095 Franci
1319 4062 1408 4109 nempe
1425 4046 1552 4110 appellant

407 4136 444 4176 est
461 4142 550 4190 equum
566 4125 685 4186 primum.
719 4123 809 4170 Horat.
829 4120 903 4169 Satis.
921 4122 957 4169 II.
999 4131 1172 4188 mere-peuda,
1189 4128 1257 4188 quod
1271 4141 1284 4174 e
1296 4127 1377 4175 baccis
1389 4135 1477 4190 sponte
1489 4126 1551 4190 fluit,

407 4223 448 4257 111.
465 4207 506 4255 93.
540 4203 593 4253 Hos
606 4203 787 4251 atiaame'ater
799 4203 902 4249 Heroas
912 4217 958 4248 aa·
999 4212 1056 4253 ante
1084 4219 1160 4267 quarn
1188 4207 1337 4269 exprimitur
1362 4206 1404 4253 vel
1429 4206 1550 4262 calcatur,

407 4295 462 4337 tum
485 4287 560 4334 tellas
581 4299 619 4330 me
636 4283 723 4343 prima
741 4281 847 4328 tulisset.
883 4277 956 4328 Conf.
999 4285 1065 4347 quod
1087 4284 1248 4346 praecurrit,
1274 4292 1302 4333 ut
1327 4292 1411 4334 nostro
1437 4298 1549 4334 sermone

408 4367 518 4417 Gronov.
535 4361 640 4411 Obserr·¹
653 4359 674 4406 1.
690 4372 738 4406 vn.
773 4358 840 4419 Quid
857 4358 889 4405 sit
902 4362 957 4420 pri·
999 4362 1142 4411 diceremus.
1177 4364 1252 4412 Haud
1265 4365 1378 4413 dissimili
1389 4366 1464 4414 modo
1475 4365 1550 4414 Plau·

407 4461 474 4494 mrim
502 4444 594 4498 stenar,
620 4437 735 4485 discimus
757 4451 789 4485 ex
818 4435 958 4485 Columella
998 4449 1038 4489 tus
1051 4440 1179 4503 Amphitr.
1191 4442 1212 4491 1.
1226 4458 1243 4492 1.
1255 4444 1311 4495 274.
1335 4448 1404 4493 Eam
1416 4445 1548 4508 (hirneam)

407 4525 472 4574 XII.
489 4522 528 4570 50.
559 4521 620 4568 Sint
636 4522 722 4565 autem
738 4517 766 4563 in
782 4517 845 4564 cella
862 4516 957 4565 olearia
998 4534 1052 4582 epo,
1085 4526 1115 4568 ut
1145 4528 1227 4571 matre
1248 4523 1342 4581 fuerat
1368 4529 1471 4581 natam,
1497 4525 1550 4574 viui

407 4604 597 4655 traslatrarum
608 4597 753 4654 ardescant
773 4609 838 4642 unas
857 4597 957 4656 primae
998 4601 1076 4648 edaci
1092 4602 1162 4650 arai.
1196 4601 1258 4651 Tale
1275 4617 1372 4650 merum
1388 4610 1547 4652 nonestccr·

407 4689 492 4737 natae,
510 4681 589 4727 idest
606 4677 705 4738 primae
719 4687 867 4735 pressurae,
889 4675 956 4722 alter
999 4685 1102 4739 ruptum
1119 4693 1184 4740 aqua
1201 4681 1287 4729 aliisve
1304 4681 1377 4729 rebus
1395 4680 1519 4731 admixtis.
