3750 5759
754 704 800 766 Π.
845 721 971 766 sarran
994 722 1044 765 111.
1400 708 1459 770 189

376 891 406 941 Ρ.
426 893 480 942 112.
515 891 631 940 (laudam
647 891 743 939 trabat.
777 889 855 952 Origo
871 889 1006 952 proverbii,
1024 896 1052 938 ut
1068 888 1217 946 multorum,
1240 889 1309 940 latet.
1341 891 1460 942 Potestne

327 971 445 1035 explicari
461 985 493 1019 ex
510 969 667 1034 simplicitate
683 969 783 1029 rustici,
798 971 842 1033 qui
857 984 958 1018 vaccam
975 973 1057 1019 cauda
1074 968 1168 1028 trahit,
1185 983 1260 1032 quam
1277 972 1374 1020 trahere
1390 987 1459 1036 opor-

325 1058 377 1100 teat
392 1050 527 1101 carnibus?
558 1051 613 1098 Nos
629 1050 779 1098 diceremus:
796 1048 847 1110 Qui
862 1055 887 1097 te
903 1049 1009 1110 deridet,
1025 1050 1078 1113 ipse
1093 1049 1145 1098 risu
1161 1049 1252 1112 dignus
1268 1057 1312 1099 est.
1345 1052 1413 1100 Nam
1435 1060 1459 1102 et

325 1132 367 1181 ille
382 1132 486 1180 caudam
503 1143 591 1179 vaccae
606 1129 694 1178 trahit:
710 1143 826 1192 perverse
841 1137 866 1177 et
882 1129 985 1178 ridicule
1001 1131 1066 1192 agit,
1082 1136 1186 1178 nonest
1202 1130 1340 1193 sapientior.

374 1211 405 1260 P.
425 1211 479 1260 lli.
514 1210 631 1273 Effupiet
648 1214 732 1257 tamen
748 1211 808 1257 baec
823 1211 960 1257 sceleratas
976 1211 1076 1258 vincula
1094 1211 1214 1258 Proteus.
1235 1209 1352 1258 Barthius
1364 1211 1395 1258 ad
1406 1211 1457 1261 Ru-

323 1292 373 1340 tilii
389 1293 451 1342 Iter.
468 1292 491 1340 I.
509 1291 548 1339 bb.
565 1290 645 1338 varias
662 1289 853 1351 significationes
870 1289 985 1337 adiectiri
1002 1291 1139 1338 sceleratus
1160 1289 1256 1352 attigit,
1276 1290 1316 1338 hio
1337 1304 1381 1353 pro
1405 1307 1457 1340 aer·

324 1377 396 1432 suto,
411 1374 539 1433 deceptore
554 1369 649 1432 accipit.
683 1371 838 1427 Sceleratus,
855 1371 984 1426 scelestus,
1001 1371 1100 1427 nebulo,
1117 1385 1237 1432 nequam,
1254 1369 1313 1428 alia,
1329 1385 1401 1434 saepo
1411 1362 1456 1419 rni-

325 1466 373 1500 nus
390 1450 544 1515 significant,
561 1464 635 1513 quam
652 1450 778 1498 videntur.
811 1448 965 1512 significatio
981 1449 1069 1511 pendet
1086 1464 1101 1496 a
1117 1449 1323 1512 pronuntiatione.
1357 1450 1379 1500 I.
1396 1450 1456 1501 (iae-

324 1547 366 1580 sar
381 1547 406 1580 r.
423 1545 444 1579 c.
461 1530 533 1578 aliter
549 1529 720 1593 pronuntiavit
736 1531 855 1579 scelerate
873 1528 969 1588 Casca,
994 1531 1057 1590 quid
1074 1528 1167 1591 facis?
1190 1544 1266 1592 quam
1290 1530 1456 1594 Damasippus

324 1613 461 1660 sceleratus
480 1612 590 1659 Proteus
606 1610 718 1672 effupiet.
751 1608 803 1656 Vel
821 1609 907 1656 vultus
924 1608 1030 1656 ostendit
1046 1607 1190 1668 discrimen,
1207 1609 1233 1656 in
1250 1606 1356 1659 Caesare
1371 1610 1456 1669 iratus,

324 1693 351 1740 in
367 1692 519 1755 Damasippo
535 1691 586 1739 fero
602 1690 726 1739 renidens.

374 1772 404 1821 P.
424 1773 477 1821 115,
513 1770 623 1819 Heredes
640 1771 742 1819 Staberi
758 1783 880 1817 summam
897 1769 1005 1818 incidere
1025 1771 1147 1832 sepulcro.
1180 1769 1311 1828 Horatius,
1333 1776 1405 1832 puto,
1429 1771 1455 1818 in

324 1867 352 1901 re
368 1853 467 1908 eadem,
484 1866 559 1914 quam
575 1864 608 1898 ex
624 1855 773 1898 testamento
788 1849 889 1912 repetit,
907 1864 967 1897 usus
984 1855 1020 1898 est
1036 1850 1122 1897 eodem
1144 1849 1226 1898 verbo.
1259 1849 1312 1900 Cur
1333 1850 1373 1898 hio
1394 1852 1454 1900 inci·

324 1933 394 1990 dere,
411 1945 471 1980 mox
486 1932 642 1993 insculpere?
675 1929 791 1979 Varietas
807 1928 856 1977 ista
877 1929 951 1977 habet
977 1928 1069 1993 aliquid
1095 1927 1208 1978 affectati.
1241 1931 1290 1978 Hie
1305 1930 1454 1993 praeferrem

323 2011 483 2072 irasculpsere.
1395 2027 1396 2031 ¹

373 2089 403 2138 P.
422 2089 476 2137 115.
513 2089 602 2137 Omnis
622 2090 688 2137 enim
709 2103 763 2148 res,
787 2089 889 2146 Virtus,
905 2087 996 2149 sama,
1016 2089 1102 2144 maus,
1119 2089 1207 2136 divina
1227 2090 1383 2152 humanaque
1397 2094 1455 2153 pul·

323 2171 391 2219 chris
423 2168 531 2218 Divitiis
548 2173 646 2230 parent.
679 2167 794 2216 Primum
811 2167 873 2215 mihi
896 2167 1014 2224 hicnon
1037 2165 1117 2229 placet
1141 2169 1220 2216 omnis
1248 2183 1304 2229 res,
1329 2184 1374 2232 pro
1402 2187 1454 2222 om-

323 2250 383 2308 nia,·
400 2248 489 2296 deinde
505 2261 555 2295 non
570 2247 650 2311 placet
665 2262 705 2296 res
720 2249 800 2296 omnis
814 2252 891 2310 paret
907 2247 1013 2306 divitiis;
1030 2246 1137 2309 denique
1154 2261 1205 2295 non
1216 2247 1294 2311 placet
1305 2249 1386 2312 ipsum
1398 2253 1454 2302 sub·

323 2328 459 2376 stantivum
475 2344 528 2389 res,
544 2329 603 2392 quia
618 2344 658 2378 res
674 2328 700 2376 in
716 2328 761 2376 tali
778 2329 899 2376 sententia
914 2327 1060 2391 plerumque
1077 2328 1201 2392 significat
1218 2345 1270 2378 rem
1280 2330 1453 2393 familiarem,

323 2408 421 2456 diuitias
438 2408 517 2470 ipsas,
532 2415 561 2456 ut
577 2407 613 2456 II.
631 2407 706 2458 Satir.
722 2407 786 2456 VH.
803 2408 843 2460 67.
861 2409 1113 2472 dominoquefurenti
1139 2408 1288 2458 Committet
1298 2426 1350 2460 rem
1359 2427 1453 2463 ornnem

323 2493 348 2535 et
363 2489 443 2537 citam
459 2494 484 2537 et
507 2503 564 2536 cam
588 2502 689 2550 corpore
708 2488 816 2549 sumum.
851 2487 888 2535 II.
914 2486 989 2536 Satir.
1014 2487 1049 2535 V.
1074 2486 1096 2538 7.
1131 2489 1170 2535 Et
1185 2503 1262 2550 penus
1278 2491 1455 2543 etcirtusnisi
1548 2482 1549 2487 ¹

323 2582 380 2616 mem
396 2581 424 2614 re
439 2567 513 2615 vilior
528 2567 587 2628 alpa
602 2572 646 2614 est.
679 2565 793 2613 Fortasse
809 2565 928 2613 Horatius
946 2565 1055 2627 scripsit:
1083 2567 1176 2613 Omnia
1197 2568 1277 2626 enim,
1302 2573 1453 2630 spes,'Vir·

324 2653 378 2704 tus,
390 2647 479 2708 sama,
495 2647 584 2702 decus,
601 2646 688 2693 diuina
705 2647 863 2708 humanaque
877 2646 994 2707 pulchris
1007 2645 1115 2693 Dicitiis
1124 2650 1225 2706 parent.
1251 2645 1370 2697 Horatius
1382 2656 1454 2699 extra

322 2732 431 2773 metrum
446 2723 560 2772 dixisset:
578 2737 647 2786 spes,
664 2722 758 2781 virtus,
775 2723 853 2782 fama,
870 2724 956 2782 decus,
982 2723 1067 2771 omnia
1091 2722 1175 2770 divina
1195 2728 1221 2771 et
1236 2723 1345 2773 humana
1361 2728 1453 2778 divitiis

323 2810 419 2869 parent.
451 2803 538 2854 Cicero
553 2818 598 2867 pro
614 2804 686 2853 Rosc.
702 2804 791 2853 Amer.
808 2805 848 2853 23.
884 2804 950 2852 Cum
966 2805 1051 2852 onznia
1066 2804 1153 2851 divina
1172 2808 1248 2865 atque
1266 2807 1376 2855 bumana
1394 2809 1454 2859 iura

322 2888 413 2935 scelere
429 2886 529 2946 adoria
545 2886 684 2946 polluisset.
701 2899 725 2932 v.
743 2882 812 2933 Cort.
830 2884 860 2931 ad
879 2883 982 2933 Sallust.
999 2881 1099 2932 Catilin.
1116 2882 1164 2931 XI.
1175 2883 1199 2934 7.
1228 2884 1291 2945 Spes
1301 2898 1350 2933 non
1361 2886 1454 2938 frustra

323 2965 429 3014 additur.
463 2961 570 3023 Omnia,
587 2963 675 3027 quibus
691 2962 742 3011 iam
757 2963 865 3022 fruitur,
889 2969 914 3012 et
930 2978 993 3027 quae
1009 2967 1091 3026 sperat
1107 2960 1225 3025 amplius,
1251 2963 1373 3014 adivitiis
1390 2982 1449 3030 pen·

322 3047 389 3094 dent.
421 3045 588 3106 Nemospem
605 3045 667 3092 adeo
682 3043 821 3107 improbam
837 3043 956 3107 concipit,
973 3043 1033 3107 quin
1050 3041 1150 3090 divitiae
1166 3041 1265 3105 explere
1280 3044 1381 3106 possint.

371 3126 401 3175 P.
421 3126 474 3174 115.
510 3125 628 3185 Speracit
645 3140 750 3186 maenae
766 3126 839 3172 laudi
848 3123 914 3186 sore.
948 3122 1028 3172 Acro:
1046 3122 1188 3185 „patirur
1220 3123 1287 3171 Nota
1297 3125 1450 3186 significatio.

322 3205 436 3255 Verbum
452 3205 604 3253 reddendum
621 3212 682 3267 puto
697 3205 772 3254 Livio
788 3203 920 3253 XXXIII.
937 3205 977 3252 ts.
1011 3205 1159 3263 Hannibal,
1179 3219 1255 3265 quum
1274 3207 1386 3266 primum
1395 3210 1451 3270 fal-

323 3289 457 3342 lendicos,
479 3286 522 3347 qui
538 3287 566 3332 in
581 3291 659 3346 portu
675 3291 761 3344 mant,
778 3291 877 3346 tempus
898 3285 999 3342 babuit,
1024 3299 1111 3332 nauem
1135 3284 1215 3331 soluit.
1251 3284 1351 3334 Caeteri
1374 3291 1452 3350 sopiti

321 3383 397 3430 qaum
413 3371 512 3428 postera
529 3366 569 3413 die
585 3367 686 3413 tandem
701 3381 733 3414 en
748 3380 831 3414 somna
844 3365 915 3426 pleni
931 3364 1051 3426 crapulae
1066 3364 1247 3421 surrexissent,
1273 3365 1301 3411 id
1324 3369 1390 3428 quod
1415 3383 1450 3417 se-

322 3463 380 3496 rum
396 3451 467 3504 mat,
493 3446 591 3507 aliquot
612 3446 687 3494 baras
707 3447 784 3494 remis
805 3446 833 3493 in
853 3458 928 3492 naves
948 3443 1097 3492 collocandis
1112 3447 1137 3490 et
1153 3445 1273 3503 aptandis
1289 3450 1451 3496 armamentis

322 3529 505 3576 absumserunt.
539 3524 590 3573 Pro
606 3530 721 3588 corrupto
736 3527 766 3574 id
781 3524 847 3587 quod
861 3537 945 3572 serum
962 3528 1019 3570 erat
1030 3520 1171 3570 Gronovius
1182 3521 1290 3584 legebat:
1301 3527 1449 3588 quodprae-

321 3609 400 3657 situm
416 3612 482 3653 erat.
515 3605 598 3667 Lego:
615 3607 643 3654 id
658 3607 725 3668 quod
739 3609 896 3666 speraverat,
914 3603 939 3650 id
956 3603 1022 3666 quod
1039 3601 1151 3650 futurum
1168 3616 1220 3650 esse
1236 3609 1374 3665 putaverat.

371 3685 403 3734 P.
424 3686 477 3734 116.
514 3687 584 3744 Quid
598 3684 704 3734 simile?
736 3683 809 3733 Talia
825 3690 883 3732 sunt
898 3682 967 3731 Livii
983 3681 1114 3731 XXXIV.
1131 3681 1171 3730 58.
1189 3680 1305 3731 XXXV.
1320 3682 1357 3731 16.
1373 3683 1448 3736 ΧΧΙ.

320 3768 361 3816 tt.
398 3766 467 3824 Quid
481 3770 528 3822 est,
546 3779 592 3813 cur
608 3764 648 3812 illi
663 3765 730 3812 vobis
746 3763 910 3825 comparandi
924 3760 999 3810 sint?
1141 3765 1143 3768 ’

370 3845 401 3893 P.
421 3843 474 3892 119.
511 3843 713 3892 Hancrmedicus
729 3843 838 3889 multum
853 3833 918 3890 celer
935 3839 1103 3902 atqucfidelis
1127 3840 1243 3889 Excitat.
1278 3838 1454 3893 Coniecerame

321 3927 411 3974 medici
426 3924 552 3987 inperium
569 3925 646 3972 caure
661 3937 753 3984 arsque
762 3921 858 3984 fidelis.
891 3920 961 3968 Acro
977 3919 1026 3967 iam
1042 3924 1217 3968 annotaverat:
1241 3919 1397 3984 „Utrumque
1412 3923 1449 3971 illi

321 4006 452 4064 concessit,
468 4004 534 4068 quod
550 4010 587 4052 est
602 4003 696 4052 medico
712 4000 889 4057 necessarium,
914 3999 1043 4048 scientiam
1066 4010 1123 4048 eum
1140 3999 1269 4062 diligentia
1285 4001 1449 4062 copulatam.“

321 4084 354 4132 In
371 4083 474 4145 vulgato
489 4099 540 4132 non
555 4090 706 4132 memoratur
722 4081 842 4139 scientia,
857 4087 1009 4129 memoratur
1025 4085 1123 4129 tantum
1140 4081 1284 4142 alilipentia,
1301 4095 1363 4143 quae
1374 4088 1411 4130 est
1422 4082 1448 4130 in

320 4166 390 4213 celer.
426 4165 522 4211 Fidelis
537 4163 628 4211 indicat
643 4163 717 4211 modo
733 4176 802 4218 eum,
818 4161 862 4224 qui
878 4159 959 4209 officio
975 4159 1047 4221 fungi
1063 4160 1151 4208 studet.
1169 4175 1193 4207 v.
1211 4160 1331 4209 Arntzen.
1343 4161 1373 4208 ad
1384 4161 1449 4210 Dist.

320 4242 422 4293 Catonis
438 4242 474 4291 II.
491 4242 532 4290 22.
568 4243 686 4305 Corporis
701 4244 828 4290 auratam
844 4242 935 4290 medico
960 4241 1085 4290 comaritte
1102 4239 1184 4302 fideli.
1219 4239 1292 4288 Fides
1318 4240 1448 4289 scientiam

320 4322 457 4372 necessario
473 4336 555 4370 seeum
571 4335 620 4369 non
639 4321 692 4370 fert.
725 4321 838 4369 Venerat
859 4321 921 4369 mihi
941 4333 1038 4383 quoque
1059 4318 1086 4366 in
1102 4325 1223 4366 mentem:
1241 4320 1350 4368 rnedicus
1366 4321 1449 4368 multa

966 4390 972 4416 l

319 4405 384 4452 celer
400 4408 456 4451 arte
465 4402 559 4466 fidelis.

369 4483 399 4531 P.
418 4482 472 4532 120.
507 4484 629 4531 Accedere
642 4483 729 4543 plures
761 4484 806 4531 Ad
825 4481 1015 4530 numerandum.
1049 4477 1081 4526 In
1106 4477 1150 4526 tuli
1175 4477 1295 4540 geruntio
1319 4485 1447 4541 corruptus
1530 4544 1531 4548 Ἰ

320 4569 358 4609 est
373 4562 461 4611 Livius
477 4562 564 4612 XLII.
582 4563 622 4612 56.
658 4564 787 4612 Praedam
803 4564 902 4625 quidem
916 4565 1098 4623 praeterquam
1109 4560 1248 4615 bominum,
1262 4573 1353 4620 pecora
1364 4565 1448 4608 autem

320 4643 428 4690 mamare
443 4645 523 4692 omnis
538 4643 633 4705 pencris
643 4644 732 4706 suere,
750 4643 838 4691 divisit
854 4643 889 4689 ad
904 4641 1056 4703 epulandum
1073 4639 1203 4686 militibus.
1237 4636 1283 4684 Est
1303 4637 1329 4685 in
1352 4652 1380 4686 eo
1401 4637 1446 4686 ali-

319 4721 379 4784 quid
395 4721 500 4772 ridiculi.
535 4722 673 4772 Gronovius
690 4721 794 4771 sensisse
811 4723 921 4780 ridetur,
938 4721 1035 4782 legens:
1054 4720 1162 4782 praedae
1177 4720 1243 4781 quod
1259 4725 1321 4767 crat.
1356 4719 1446 4768 Trans-
