3750 5759
812 713 1161 780 SATIRARUM

465 904 634 968 Detereret
654 901 717 966 sibi
740 900 863 981 multa,
888 898 1045 964 recideret
1068 919 1179 979 omne,
1205 898 1291 982 quod
1316 898 1404 963 ultra

464 1005 648 1072 Perfectum
672 1006 870 1086 traheretur,
895 1009 928 1069 et
953 1004 988 1066 in
1011 1024 1108 1067 versu
1130 1000 1278 1067 faciendo

465 1111 567 1196 Saepe
590 1115 690 1195 caput
713 1109 875 1191 scaberet,
900 1108 993 1172 vivos
1017 1112 1050 1171 et
1073 1105 1200 1170 roderet
1222 1127 1360 1192 ungues.

465 1214 567 1300 Saepe
590 1214 705 1279 stilum
728 1219 854 1296 vertas,
880 1212 998 1276 iterum
1023 1232 1105 1295 quae
1129 1210 1232 1295 digna
1253 1211 1320 1296 legi
1345 1211 1415 1277 sint

465 1317 669 1402 Scripturus,
694 1338 815 1402 neque,
840 1321 873 1380 te
895 1321 934 1378 ut
957 1314 1093 1379 miretur
1116 1315 1228 1396 turba,
1253 1314 1397 1398 laboreS,

466 1420 650 1486 Contentus
674 1421 788 1506 paucis
813 1418 997 1485 lectoribus.
1046 1419 1100 1482 An
1123 1425 1181 1483 tua
1203 1418 1337 1483 demens

420 1637 479 1671 voce
496 1624 643 1671 sententiam
660 1625 799 1686 quandam,
815 1622 869 1670 loco
885 1623 966 1671 Hora.

419 1705 486 1752 tiano
497 1705 580 1752 minus
589 1712 688 1766 aptam,
698 1717 812 1766 separare
823 1716 873 1750 non
882 1716 966 1765 possu-

419 1799 482 1833 mus.
510 1784 635 1834 Gesnerus
647 1783 787 1831 annotavit:
806 1781 964 1845 „Nullapro-

419 1863 554 1925 positarum
571 1862 702 1911 lectionum
722 1861 834 1923 (dilatus,
856 1861 965 1918 delatus,

420 1942 544 2006 delapsus)
569 1942 609 1990 vel
631 1942 776 1990 auctoritate
806 1940 847 1989 vel
873 1941 966 1989 ratione

420 2030 494 2072 caret.
524 2024 632 2070 Dilatas
645 2034 727 2069 tamen
737 2021 799 2069 mihi
818 2020 966 2082 dignitatem

419 2104 544 2166 quandam
561 2100 651 2150 habere
668 2101 789 2150 ridetur.“
807 2101 838 2148 ln
856 2101 904 2149 ista
920 2101 968 2148 viri

420 2182 625 2248 praestantissimi
641 2181 800 2229 annotatione
818 2188 855 2229 est
866 2180 966 2243 aliquid,

421 2263 556 2310 nonsatis.
591 2263 698 2310 Dilatas
719 2261 745 2308 in
765 2262 812 2308 hoc
828 2276 918 2309 aevrrm
935 2262 972 2310 si·-

420 2339 539 2403 gnifieare
556 2347 635 2403 potest
660 2355 749 2388 aevum
766 2355 810 2388 seu
826 2341 967 2389 meliusseu

421 2419 499 2481 peius,
517 2426 589 2482 prout
605 2420 728 2468 sententia
738 2420 854 2482 postulat.
872 2421 903 2469 In
915 2423 967 2470 Ho-

420 2498 485 2546 ratio
500 2498 638 2561 postulatur
654 2499 752 2558 melius,
767 2499 883 2547 limatius.
919 2503 967 2548 De·

421 2581 492 2626 rata«
524 2578 675 2641 significaret
691 2581 771 2640 peius,
788 2581 854 2641 quod
870 2587 967 2628 senten-

422 2658 457 2706 tia
473 2658 574 2720 respuit.
592 2659 706 2716 ,‚1)elati,
719 2658 754 2705 ait
766 2657 836 2707 Serv.
847 2660 879 2706 ad
891 2659 967 2722 Virg.

421 2740 487 2787 Aen.
510 2738 560 2787 III.
582 2739 639 2787 219.
664 2739 816 2787 necessitatis
838 2746 890 2798 est,
908 2754 967 2786 nam

421 2819 547 2868 voluntate
569 2818 652 2882 aliquo
679 2832 728 2866 non
754 2818 899 2876 deferimur,
924 2819 968 2866 sed

1008 1622 1052 1669 τοῦ
1071 1619 1201 1682 Σεβαστοῦ
1219 1621 1365 1685 διάγνωσιν.
1398 1618 1497 1668 Paulus
1516 1633 1561 1682 ap-

1008 1698 1124 1762 pellabat,
1141 1707 1169 1747 ut
1180 1714 1226 1746 sua
1241 1713 1329 1748 caussa
1341 1706 1494 1758 servaretur,
1511 1698 1561 1747 dif-

1008 1778 1115 1828 ferretur
1131 1779 1163 1827 ad
1184 1775 1351 1840 cognitionem
1373 1778 1494 1841 Augusti.
1524 1779 1561 1828 Et

1009 1859 1034 1906 in
1059 1860 1145 1908 eodem
1170 1859 1250 1923 capite
1272 1872 1309 1909 vs.
1326 1859 1350 1907 4.
1383 1857 1411 1906 Ι0
1436 1859 1485 1922 μὲν
1510 1859 1561 1907 οὖν

1008 1942 1108 1998 Φῆστος
1124 1939 1246 2004 ἀπεκρίθη
1263 1940 1393 2004 τηρεῖσθαι
1415 1938 1464 1986 τὸν
1487 1940 1561 1986 Παῦ-

1007 2019 1056 2067 λον
1073 2018 1108 2077 εἰς
1125 2017 1291 2083 Καισάρειαν,
1310 2019 1401 2068 ἑαυτὸν
1413 2017 1438 2067 δὲ
1450 2016 1562 2082 μέλλειν

1008 2098 1036 2147 ἐν
1053 2096 1125 2163 τάχει
1142 2098 1329 2161 ἐκπορεύεσθαι.
1363 2099 1404 2146 Ita
1420 2098 1561 2147 Tischend.

1009 2185 1034 2226 et
1051 2177 1092 2225 elii
1109 2186 1173 2227 recte
1185 2193 1218 2226 ex
1229 2178 1308 2228 MSS.
1316 2192 1362 2240 pro
1373 2177 1400 2227 lv
1412 2179 1562 2244 Καισαρείᾳ

1009 2258 1145 2307 ediderunt.
1186 2257 1341 2321 significatio
1370 2265 1454 2307 autem
1483 2258 1562 2308 valde

1009 2337 1108 2385 diversa
1124 2345 1169 2385 est.
1193 2336 1288 2386 Paulus
1305 2341 1416 2401 τηρεῖται
1432 2337 1470 2395 εἰς
1490 2341 1561 2386 Και-

1009 2413 1115 2480 σάρειαν
1129 2424 1179 2478 est,
1196 2416 1299 2475 Paulus,
1316 2431 1402 2466 caussa
1417 2416 1496 2465 Pauli
1506 2431 1563 2465 ser-

1010 2503 1090 2553 vatur,
1108 2496 1222 2544 differtur
1239 2496 1265 2545 in
1284 2495 1444 2554 Caesaream,
1463 2495 1562 2544 iudica·

1009 2575 1076 2624 bitur
1086 2575 1235 2634 Caesareae,
1246 2590 1295 2639 quo
1307 2576 1399 2625 Festus
1410 2576 1482 2626 brevi
1493 2586 1564 2628 esset

1009 2656 1171 2718 profecturus.
1213 2656 1312 2706 Plinius
1339 2655 1420 2718 Epist.
1454 2657 1490 2706 X.
1516 2659 1562 2706 85.

1010 2738 1203 2799 Postulata'tque
1219 2743 1250 2784 at
1264 2751 1429 2800 coynorcerem
1445 2753 1495 2800 pro
1511 2741 1564 2787 tri·

1009 2816 1104 2864 hunolt.
1136 2816 1210 2874 Quor
1230 2830 1286 2865 ααοι
1310 2831 1352 2878 epo
1385 2832 1423 2866 me
1435 2819 1564 2879 motinus

421 2899 560 2948 venimus.“
577 2898 655 2947 Inviti
663 2898 725 2946 adeo
733 2899 882 2962 deserimur,
896 2898 969 2961 quasi
1003 2895 1157 2955 factarum,
1185 2896 1396 2958 prolaturamque
1421 2897 1565 2961 prosectio-

421 2992 495 3026 eursu
512 2977 611 3034 deiecti,
629 2977 737 3034 detrusi,
753 2978 819 3039 quod
840 2976 916 3024 verbo
931 2984 967 3025 at·
1010 2991 1065 3024 uem
1082 2977 1215 3034 dixissem,
1237 2981 1267 3023 ut
1284 2978 1418 3039 ἰοαρὶονεαι
1437 2978 1506 3026 client
1524 2980 1565 3026 ad

421 3055 479 3119 tigit
500 3055 635 3104 Ruhnken.
653 3056 684 3103 ad
708 3056 930 3105 Vell.Paterc.l.
949 3071 967 3105 1.
1009 3055 1185 3104 instruendam
1201 3039 1314 3105 causeam
1331 3057 1425 3114 darem,
1442 3058 1565 3119 atqaein

422 3133 499 3182 Recte
511 3149 534 3181 v.
546 3148 567 3181 c.
578 3133 697 3182 Horatius
709 3135 825 3198 defertm
841 3137 867 3183 in
878 3150 968 3184 aerum
1010 3135 1088 3182 oliam
1099 3136 1227 3185 civitatem
1237 3150 1410 3199 copaoscerem,
1424 3138 1512 3198 petiit.
1524 3137 1564 3186 Il-

422 3211 563 3270 Olaudiani,
579 3221 607 3261 ut
623 3214 762 3263 conditione
779 3221 803 3263 et
814 3217 968 3278 temporein'-
1009 3211 1053 3261 ind
1070 3228 1216 3278 cognoscere
1232 3217 1259 3263 ia
1277 3217 1355 3264 oliam
1371 3216 1510 3275 deitatem,
1528 3218 1564 3266 si·

423 3293 531 3354 ferioris,
552 3293 662 3342 Lucilius
683 3308 733 3342 non
755 3302 820 3342 recte
835 3294 862 3341 in
879 3309 969 3344 aevum
1011 3293 1113 3354 gnificat
1140 3295 1260 3359 proficisci
1282 3297 1307 3345 in
1325 3296 1399 3345 aliam
1415 3296 1564 3355 civitatem,

423 3375 531 3434 Horatii,
548 3381 658 3438 ternpore
673 3381 771 3423 tantum
787 3375 970 3432 inferioris,sed
1012 3382 1039 3423 ut
1050 3374 1084 3422 ibi
1094 3389 1275 3438 cognoscerem.
1298 3376 1339 3426 sie
1350 3378 1437 3425 Actor.
1448 3375 1563 3426 XXIII.

423 3461 553 3517 propterea
576 3468 627 3502 non
652 3455 749 3517 peioris.
791 3456 819 3506 st
843 3457 971 3520 quaeritur
1014 3456 1051 3504 ll.
1085 3454 1121 3512 εἰς
1149 3453 1247 3521 Ῥώμην
1273 3461 1440 3521 μαρτυρῆσαι.
1483 3457 1563 3507 Diod.

422 3540 520 3582 tantum
536 3535 567 3582 de
583 3541 706 3596 ternpore,
731 3535 780 3583 alia
802 3544 873 3585 erant
894 3538 971 3586 verba
1013 3533 1089 3583 Sicut.
1106 3536 1209 3598 Fragm.
1227 3536 1269 3584 lib.
1287 3536 1364 3587 XXI.
1372 3551 1395 3598 p.
1410 3535 1449 3584 55.
1468 3541 1562 3600 Δημη-

424 3621 449 3662 ct
473 3613 583 3676 phrases,
608 3613 697 3676 quibus
721 3616 908 3677 exprimeretur.
935 3616 972 3665 Ut
1009 3615 1080 3676 τρίου
1098 3615 1289 3680 φυλαττομένου
1306 3614 1340 3672 εἰς,Ι
1358 3613 1473 3664 Πέλλαν.

424 3694 450 3741 in
470 3692 570 3755 dialogo
587 3693 617 3740 de
634 3691 721 3742 Causa
755 3692 826 3742 Corr.
840 3694 912 3758 Eloq.
930 3696 970 3743 41.
1045 3697 1125 3758 Saepe
1148 3697 1236 3744 stilum
1258 3701 1355 3751 αενιαα,
1378 3696 1472 3744 iterum
1495 3711 1565 3758 qaae

425 3773 452 3826 Sl
485 3778 532 3818 cat
557 3786 598 3819 cos
626 3773 753 3833 prioribus
779 3777 897 3831 scematis,
925 3782 973 3824 aut
1010 3775 1087 3836 diano·
1112 3777 1158 3836 leqt'
1181 3776 1235 3822 sint
1277 3775 1435 3836 Scripturas.
1482 3774 1564 3825 Recte

425 3852 483 3907 isti,
501 3865 562 3911 quor
578 3853 710 3907 narramur,
737 3852 775 3898 lits
799 3854 856 3900 nott
878 3861 972 3914 escort,
1011 3853 1092 3901 Acro:
1118 3855 1155 3911 „si
1179 3854 1218 3902 vis
1239 3853 1345 3902 scribere
1370 3867 1486 3916 eaquae
1509 3870 1564 3906 mc-

425 3943 455 3976 ασ
475 3927 546 3975 Deus
568 3930 662 3990 aliquis
678 3931 745 3977 vitas
761 3939 871 3988 cestrae,
887 3940 973 3981 vestra
1011 3941 1112 3982 reantur
1128 3932 1190 3996 legi,
1211 3947 1284 3997 saepe
1301 3933 1384 3981 stilum
1402 3932 1440 3981 fac
1460 3941 1564 3996 vertas,

425 4006 973 4077 temporantittaaset.CalpurnEclogNil
1010 4020 1038 4061 ut
1068 4013 1183 4062 adhibeas
1213 4014 1314 4062 lituram
1341 4013 1407 4062 male
1436 4014 1565 4079 scriptis.“

424 4085 464 4137 74.
481 4085 563 4148 felia,
584 4088 650 4147 quod
674 4090 701 4136 in
724 4091 783 4138 haec
806 4092 853 4138 tihi
873 4094 973 4141 saecula
1011 4093 1072 4141 Post
1088 4101 1235 4142 mereantur
1251 4095 1356 4152 excidit,
1373 4097 1564 4157 put0,iterum.

423 4167 524 4227 ρτὶιιιαα
549 4166 701 4228 Indulqente
714 4171 766 4218 Deo
777 4171 907 4220 demittere
917 4187 973 4221 con·
1011 4172 1067 4221 Alii
1084 4172 1192 4237 iungunt
1208 4177 1301 4222 iterum
1317 4177 1469 4237 scriptume.
1509 4175 1564 4226 Sed

425 4246 483 4308 ttqtt
508 4258 596 4292 aanor.
635 4244 700 4295 Cum
729 4248 804 4296 verbo
819 4251 923 4313 differri
947 4252 974 4299 in
1011 4266 1040 4300 ea
1065 4254 1132 4302 notio
1156 4255 1206 4302 iam
1231 4262 1268 4303 cst
1296 4254 1323 4302 in
1350 4256 1439 4303 sitiam
1464 4263 1564 4308 vertas.

424 4324 510 4372 multis
520 4325 674 4374 conveniunt
690 4331 800 4385 serrari,
813 4330 972 4378 reservarint
1012 4335 1125 4389 Iterum,
1151 4332 1200 4389 bis,
1226 4335 1305 4381 decies
1331 4332 1395 4382 bona
1416 4340 1443 4382 et
1464 4335 1565 4398 optima

425 4405 490 4453 hanc
507 4418 572 4461 rem,
594 4404 653 4453 huie
673 4411 726 4463 rei,
751 4414 779 4455 ut
797 4407 894 4457 Graeca
910 4408 973 4458 ἀνα·
1010 4412 1120 4460 carmina
1143 4412 1269 4476 leguntur.
1304 4414 1401 4461 Notum
1417 4420 1455 4461 est
1471 4411 1565 4463 Plato·

425 4482 584 4544 βάλλεσθαι,
600 4486 743 4548 τηρεῖσθαι,
758 4485 974 4551 φνλάττεσθαιείς
1010 4490 1048 4539 nis
1075 4489 1113 4548 δὶς
1130 4493 1171 4540 καὶ
1188 4493 1243 4557 τρὶς
1259 4495 1292 4542 τὰ
1313 4490 1394 4553 καλά,
1418 4502 1443 4540 et
1459 4492 1565 4543 Horatii

426 4563 511 4609 τοῦτο.
545 4562 613 4610 Hinc
637 4562 811 4627 explicandum
832 4573 892 4629 puto
915 4567 973 4616 Aet.
1011 4570 1088 4616 decies
1105 4573 1215 4630 repetita
1230 4573 1373 4634 placebunt.

426 4641 515 4704 Apost.
533 4641 621 4691 XXV.
630 4644 671 4691 21.
688 4645 738 4691 Τοῦ
756 4643 781 4692 δὲ
798 4646 905 4694 Παύλου
921 4645 973 4694 ἐπι·
1045 4647 1195 4698 Doderlinus
1225 4665 1324 4714 quoque
1356 4651 1436 4714 iungit
1465 4654 1564 4704 itesam

425 4719 596 4784 ταλεσαμένον
613 4722 755 4784 τηρηθῆναι
773 4722 854 4772 αὑτὸν
872 4723 907 4782 εἰς
925 4725 974 4783 τὴν
1012 4727 1066 4788 leyi.
