3750 5759
373 691 415 756 38
764 685 1116 753 SATIRARUM

416 876 503 942 Nam
525 880 563 941 ut
584 873 689 939 ferula
714 872 829 939 caedas
850 870 1006 937 meritum
1029 869 1153 934 maiora
1176 868 1284 934 subire

416 980 577 1062 Verbera,
603 998 670 1042 non
693 997 821 1058 vereor,
843 996 945 1061 quum
965 975 1054 1040 dicas
1079 995 1149 1039 esse
1169 994 1263 1059 pares
1283 995 1335 1039 res

416 1083 520 1150 Furta
539 1080 739 1163 latrociniis,
763 1085 796 1145 et
817 1078 948 1164 magnis
970 1100 1073 1164 parva
1096 1076 1231 1143 mineris

416 1186 514 1252 Falce
534 1185 714 1251 recisurum
740 1182 842 1249 simili
865 1189 914 1264 te,
937 1182 966 1247 si
990 1181 1051 1247 tibi
1074 1202 1213 1267 regnum
1290 1240 1294 1249 .

416 1289 616 1356 Permittant
632 1287 791 1353 homines.
841 1285 877 1352 Si
895 1285 1005 1367 dives,
1027 1285 1082 1371 qui
1105 1284 1236 1371 sapiens
1259 1289 1328 1366 est,

416 1395 462 1460 Et
485 1396 576 1460 sutor
601 1392 707 1457 bouus
731 1397 764 1456 et
788 1390 877 1456 solus
899 1389 1062 1455 formosus
1086 1394 1119 1455 et
1141 1393 1192 1453 est
1211 1409 1285 1471 rex,

415 1495 481 1562 Our
502 1501 596 1582 optas
619 1495 706 1581 quod
723 1494 843 1560 habes?
891 1493 990 1577 „Non
1013 1492 1118 1574 nosti,
1143 1491 1222 1576 quid
1244 1493 1361 1577 pater“
1383 1490 1498 1577 inquit,

414 1599 642 1685 „Chrysippus
662 1597 767 1664 dicat:
791 1597 921 1684 sapiens
944 1595 1091 1682 crepidas
1115 1593 1179 1660 sibi
1202 1615 1384 1678 numquam

413 1702 482 1769 Nec
506 1702 610 1768 soleas
634 1700 727 1780 fecit3
752 1706 843 1767 sutor
866 1705 979 1766 tamen
1002 1704 1053 1765 est
1077 1697 1242 1784 sapiens.“
1283 1696 1370 1776 Qut?

413 1806 502 1890 „Ut,
527 1805 676 1893 quamvis
700 1810 802 1888 tacet,
827 1805 1052 1890 Hermogenes
1076 1808 1190 1868 cantor
1213 1807 1323 1867 tamen
1348 1805 1446 1886 atque

414 1909 568 1996 Optimus
592 1912 644 1974 est
665 1907 868 1986 modulator3
895 1916 934 1973 ut
956 1906 1097 1972 Alfenus
1121 1905 1211 1970 vafer
1234 1904 1324 1970 omni

411 2013 549 2078 Abiecto
571 2011 792 2077 instrumento
815 2011 895 2077 artis
919 2010 1093 2096 clausaque
1117 2008 1267 2090 taberna,

411 2116 534 2181 Tonsor
557 2120 640 2198 erat,
666 2114 795 2201 sapiens
819 2114 924 2200 operis
949 2113 995 2179 sio
1019 2113 1164 2198 optimus
1189 2112 1296 2176 omnis

412 2217 475 2283 Est
498 2217 624 2304 opiferr,
649 2217 739 2283 solus
763 2217 810 2283 sic
833 2221 924 2282 rex.“
971 2216 1110 2282 Vellunt
1134 2216 1196 2281 tibi
1218 2215 1354 2281 barbam

412 2321 542 2387 Lascivi
563 2320 673 2407 pueri,
698 2344 779 2409 quos
803 2325 841 2386 tu
863 2321 929 2387 nisi
953 2320 1040 2387 fuste
1064 2342 1208 2403 coerces,

411 2423 546 2510 Urgeris
570 2426 666 2491 turba
689 2425 811 2492 circum
835 2431 868 2490 te
891 2430 1001 2491 stante
1023 2424 1186 2509 miserque

412 2528 586 2614 Rumperis
608 2535 642 2595 et
661 2529 779 2613 latras,
803 2551 999 2614 magnorum
1021 2528 1164 2594 maxime
1184 2529 1314 2614 regum!

410 2631 461 2695 Ne
480 2631 617 2718 longum
637 2633 773 2699 faciam:
796 2634 876 2698 dum
897 2639 935 2698 tu
959 2633 1141 2718 quadrante
1167 2632 1314 2698 lavatum

412 2734 484 2799 Rex
502 2735 583 2819 ibis,
608 2757 712 2822 neque
731 2741 764 2802 te
788 2736 963 2822 quisquam
982 2735 1122 2821 stipator
1144 2735 1293 2821 ineptum

410 2837 543 2904 Praeter
566 2838 756 2926 Crispinum
780 2840 975 2923 sectabitur,
1000 2844 1033 2904 et
1056 2839 1139 2904 mihi
1162 2839 1274 2913 dulces

410 2942 605 3028 Ignoscent,
630 2943 659 3009 si
682 2943 762 3029 quid
782 2966 915 3029 peccaro
938 2944 1080 3027 stultus,
1105 2943 1221 3025 amici,

204 3115 239 3138 p,
412 3046 517 3132 Inque
539 3047 645 3113 vicem
668 3047 802 3113 illorum
824 3047 932 3133 patiar
955 3047 1076 3113 delicta
1098 3047 1254 3129 libenter,

411 3149 627 3234 Privatusque
649 3149 756 3235 magis
780 3149 892 3216 vivam
914 3156 947 3216 te
969 3172 1045 3236 rege
1068 3150 1193 3215 beatus.

407 3279 444 3327 Et
468 3278 566 3340 rnapnis
589 3293 673 3340 parva
700 3277 802 3328 mineris
839 3281 916 3328 Falce
957 3294 1009 3337 res,
1026 3293 1090 3344 quae
1106 3279 1270 3329 instrumento
1287 3279 1408 3341 tangitur.
1433 3280 1499 3329 Mors

366 3357 506 3406 recisurum
533 3359 612 3407 sintita*
632 3365 670 3417 te,
698 3361 722 3408 ai
744 3360 791 3408 tibi
812 3375 915 3422 reprom
957 3358 1039 3422 pulsat
1060 3360 1122 3423 pede
1145 3365 1198 3407 tam
1218 3359 1332 3407 tabernas
1355 3376 1431 3422 qaam
1452 3366 1499 3408 tur·

367 3438 529 3486 Permittant
558 3440 674 3497 homines,
718 3438 916 3501 Interpretantur
957 3452 1004 3488 res.
1036 3439 1152 3488 Fortasse
1172 3435 1319 3502 legendum:
1347 3439 1386 3487 Et
1407 3439 1500 3502 rrraqm'a

366 3519 459 3575 sterili,
484 3517 578 3566 scilicet
603 3518 625 3566 ci
651 3517 722 3575 falci,
748 3532 798 3581 qna
823 3533 916 3580 magua
956 3535 1039 3581 parca
1059 3522 1164 3569 minaria
1193 3521 1268 3569 Falce
1288 3521 1397 3568 restarem
1419 3521 1455 3568 ἐπ’
1469 3521 1499 3568 si·

367 3596 517 3646 reciduntur.
551 3597 631 3659 Quid,
648 3611 750 3659 quaeso,
767 3596 855 3656 refert,
867 3612 916 3660 qua
957 3601 1011 3649 nani
1028 3615 1044 3648 a
1061 3605 1098 3657 te,
1115 3601 1139 3648 ai
1156 3600 1203 3648 tibi
1217 3613 1320 3660 reptem
1344 3601 1500 3648 Permittant

367 3676 431 3725 falce
453 3676 548 3740 aliquid
570 3677 706 3733 recidatur,
729 3677 862 3724 dummodo
879 3691 915 3726 re·
958 3681 1073 3727 homines.
1106 3678 1212 3727 Minaris
1229 3684 1253 3725 te
1266 3691 1344 3740 parva
1359 3677 1500 3726 simuloum

367 3755 478 3815 cidatur,
494 3763 519 3804 et
532 3756 642 3804 recidens
652 3755 717 3803 nihil
728 3755 797 3803 aliud
809 3759 915 3818 spectet?
957 3759 1055 3821 magnis
1074 3757 1134 3806 falce
1151 3758 1295 3806 recisurum.
1325 3756 1400 3816 Cant,
1411 3763 1440 3806 ut
1450 3763 1501 3821 post

367 3833 456 3897 Imago
480 3835 572 3896 optimc
596 3834 747 3898 intelligitur
771 3847 803 3882 ex
826 3837 915 3885 ulcere.
958 3838 1055 3889 Graeca
1071 3837 1151 3902 ὁμῶς,
1170 3839 1223 3904 ἅμα
1240 3836 1363 3886 omittitur
1385 3836 1448 3896 σύν,
1468 3838 1501 3885 ita

368 3913 448 3964 Ulcus
474 3931 609 3977 empnam,
638 3914 774 3963 insanabile
798 3915 916 3964 reciditur
957 3919 1079 3967 omittitur
1095 3924 1151 3982 post
1167 3919 1249 3966 sinaut.
1278 3916 1347 3966 Vide
1363 3916 1427 3965 inter
1443 3915 1500 3965 alios

368 3992 443 4052 falce,
465 4008 535 4050 ense,
549 3994 643 4052 cultro,
656 3993 783 4059 ripvrrn23
798 4011 916 4056 parvam,
957 3998 1044 4047 Burm.
1056 3998 1088 4046 ad
1098 3997 1185 4046 Valer.
1197 3997 1283 4047 Flacci
1293 3997 1343 4046 IV,
1354 3996 1395 4045 88.
1414 3999 1501 4046 Parva

368 4074 478 4123 sanabile
494 4089 544 4124 non
561 4074 689 4134 reciditur,
706 4076 748 4123 sed
765 4078 874 4124 curando
888 4076 917 4126 fit
956 4080 1032 4127 statut
1057 4080 1167 4140 creptis,
1196 4078 1261 4126 idem
1289 4083 1365 4140 atquc
1390 4075 1453 4125 illud
1476 4076 1500 4123 in

367 4153 463 4207 melius.
486 4153 583 4205 Stoicus
594 4161 677 4207 nmter
687 4155 834 4204 medicinam
845 4155 917 4205 aliter
957 4157 1038 4221 Epist.
1064 4157 1099 4207 II.
1125 4172 1152 4205 11.
1181 4157 1235 4208 178.
1269 4158 1292 4206 si
1319 4159 1393 4204 metit
1421 4159 1500 4206 Orcus

368 4233 440 4294 facia
461 4232 609 4293 insanabile,
633 4233 755 4291 sanabile,
775 4233 837 4283 falce
853 4236 914 4283 reci·
960 4237 1080 4286 &andin
1106 4252 1162 4286 cum
1188 4238 1283 4300 parcis.
1327 4235 1423 4285 Notum
1450 4239 1501 4292 est,

368 4312 417 4369 dit,
434 4320 534 4376 peccata
550 4327 628 4376 parva
642 4329 735 4376 magna
746 4314 832 4362 codem
842 4316 916 4363 modo
957 4317 1056 4379 quando
1073 4317 1156 4379 agitur
1172 4318 1203 4366 de
1218 4321 1349 4380 praecepto
1364 4314 1448 4365 Stoico
1463 4311 1499 4362 brt

367 4393 447 4454 punit.
481 4393 558 4444 Recte
580 4407 606 4442 se
626 4393 741 4450 haberet,
759 4393 833 4456 falce
849 4410 914 4452 aaa,
956 4394 999 4444 ἴσα
1018 4396 1050 4443 τὰ
1067 4393 1251 4460 ἁμαρτήματα,
1273 4394 1365 4443 Latine
1386 4393 1433 4441 hoc
1453 4390 1500 4440 dici

368 4473 467 4531 eadem,
483 4474 549 4536 pari,
567 4473 679 4538 aequali,
691 4488 782 4537 acqua,
799 4482 828 4522 ut
844 4477 915 4524 Mors
955 4486 1005 4520 non
1022 4473 1130 4532 similia,
1157 4473 1213 4529 sed,
1237 4479 1266 4521 ut
1288 4488 1312 4522 v.
1330 4487 1351 4522 c.
1372 4471 1460 4522 Cicero
1474 4470 1499 4518 in

367 4567 445 4614 aequo
459 4555 522 4614 pede
537 4555 626 4615 pulsat
644 4555 762 4603 tabernas
778 4559 804 4604 et
821 4559 913 4613 turrea,
954 4551 1098 4610 Paradoxo,
1123 4553 1255 4616 neptalim·
1281 4552 1362 4601 etsie
1383 4552 1499 4603 Horatius

367 4645 417 4679 nen
433 4633 514 4680 simili
529 4634 597 4694 pede.
625 4632 657 4680 In
674 4632 814 4681 huiusmodi
831 4646 913 4681 exem·
954 4636 1031 4696 paria
1045 4640 1163 4696 peccota,
1185 4636 1211 4684 in
1229 4634 1275 4683 hac
1292 4634 1346 4697 ipsa
1364 4634 1461 4693 Satira,
1476 4636 1498 4680 et

366 4710 412 4773 plis
430 4724 479 4759 non
496 4711 619 4774 cogitatur
639 4712 845 4772 instrumentum,
870 4713 913 4762 sed
952 4728 1092 4776 pererret.

852 4827 1015 4851 -aeoffi—
