3750 5759
365 698 409 759 48
759 689 1110 758 SATIRARUM

409 883 519 948 Necnc
544 881 604 964 sit,
629 880 821 962 addubites,
846 879 963 965 flagret
986 900 1114 943 rumore
1138 876 1225 941 malo
1250 897 1353 961 quum

410 986 474 1051 Hic
498 991 596 1072 atque
619 984 721 1050 ille?“
768 983 894 1049 Avidos
917 982 1065 1048 vicinum
1089 981 1188 1047 funus
1211 986 1250 1046 ut
1273 999 1387 1065 aegros

411 1088 606 1172 Exanimat‚
631 1087 811 1173 mortisque
834 1092 926 1152 metu
947 1085 1010 1151 sibi
1033 1106 1163 1171 parcere
1186 1083 1292 1170 cogit3

411 1193 464 1261 sic
488 1199 615 1259 teneros
640 1191 767 1257 animos
791 1190 899 1256 aliena
924 1189 1099 1275 opprobria
1122 1210 1217 1275 saepe

408 1297 604 1363 Absterrent
626 1294 727 1360 vitiis.
776 1294 829 1358 Ex
853 1293 913 1358 hoc
937 1315 1014 1377 ego,
1040 1314 1139 1357 sanus
1163 1292 1204 1357 ab
1228 1290 1314 1373 illis,

410 1399 593 1466 Perniciem
616 1420 826 1484 quaecunque
848 1396 977 1477 ferunt,
1002 1395 1219 1461 mediocribus
1244 1400 1277 1459 et
1301 1393 1375 1478 quis

411 1503 566 1589 Ignoscas
590 1501 682 1568 vitiis
707 1506 835 1577 teneor3
860 1499 1010 1565 fortassis
1036 1505 1069 1566 et
1090 1499 1212 1565 isthinc

411 1606 562 1692 Largiter
585 1604 760 1671 abstulerit
782 1604 883 1690 longa
905 1608 1012 1687 aetas,
1036 1603 1120 1669 liber
1143 1601 1286 1684 amicus,

411 1709 596 1775 Consilium
619 1708 806 1795 proprium:
831 1730 936 1793 neque
960 1707 1065 1789 euim,
1091 1729 1193 1792 quum
1216 1705 1357 1771 lectulus
1375 1707 1432 1768 aut
1448 1723 1492 1765 me

410 1812 560 1879 Porticus
584 1813 727 1899 excepit,
752 1813 868 1878 desum
891 1810 983 1877 mihi.
1033 1811 1191 1894 „Rectius
1214 1811 1276 1876 hoc
1299 1813 1365 1875 est:

411 1916 483 1982 Hoc
504 1916 628 1982 faciens
651 1916 762 1983 vivam
784 1915 922 1993 melius3
949 1915 995 1980 sic
1019 1915 1124 1980 dulcis
1148 1914 1262 1980 amicis

411 2020 603 2099 Occurram3
627 2020 688 2086 hoc
712 2020 847 2105 quidam
870 2041 936 2084 non
959 2018 1065 2096 belle3
1090 2017 1253 2103 numquid
1276 2038 1336 2102 ego
1360 2015 1410 2079 illi

411 2123 606 2208 Imprudens
629 2123 710 2187 olim
733 2122 853 2188 faciam
876 2121 1030 2188 simile?“
1078 2121 1168 2187 Haec
1191 2142 1252 2206 ego
1275 2140 1405 2185 mecum

410 2226 613 2312 Compressis
638 2227 729 2313 agito
752 2226 870 2305 labris3
896 2226 953 2291 ubi
978 2224 1057 2311 quid
1080 2226 1177 2291 datur
1201 2225 1262 2308 oti,

411 2329 520 2394 illudo
544 2330 675 2395 chartis.
723 2330 795 2396 Hoc
819 2334 870 2395 est
892 2329 1110 2395 mediocribus
1134 2329 1202 2395 illis

412 2432 465 2496 Ex
487 2432 578 2498 vitiis
602 2455 724 2512 unum3
749 2434 802 2500 cui
825 2434 854 2499 si
877 2434 1051 2500 concedere
1074 2433 1176 2517 nolis,

412 2535 520 2601 Multa
540 2543 713 2623 poetamm
735 2537 846 2603 veniet
867 2559 1003 2621 manus,
1030 2537 1153 2603 auxilio
1177 2559 1260 2623 quae

413 2639 465 2706 Sit
487 2640 584 2716 mihi;
612 2640 707 2727 (nam
729 2641 971 2727 multoplures
996 2643 1144 2729 sumus),
1168 2664 1205 2708 ac
1228 2640 1332 2707 veluti
1356 2647 1389 2707 te

414 2742 527 2808 Iudaei
548 2765 701 2830 cogemus
726 2743 762 2808 in
785 2744 870 2810 hauc
893 2745 1066 2810 concedere
1090 2745 1229 2811 turbam.

403 2965 509 3025 Ftapret
521 2979 623 3013 rainere
639 2965 705 3012 αιαῑα
717 2980 793 3026 quum
814 2965 865 3012 Hic
876 2970 915 3012 ot·
956 2979 1009 3013 mos
1026 2972 1123 3013 teneros
1141 2965 1207 3014 vitiis
1224 2965 1374 3024 absterrent;
1395 2979 1435 3013 me
1451 2964 1501 3028 qui·

368 3058 415 3105 que
436 3042 500 3092 ille?
535 3045 628 3093 Aeolios
652 3045 761 3092 σίσὶααια
777 3044 864 3106 funus
884 3049 915 3090 ut
956 3045 1012 3093 dem
1029 3045 1221 3094 absterruerunt.
1247 3045 1401 3093 Namsanus
1413 3043 1501 3093 abillis

368 3137 454 3184 uepres
480 3125 631 3172 Exanimut.
648 3123 792 3185 Aegrorum
802 3121 915 3170 haudita
955 3125 1048 3181 mansi,
1065 3138 1129 3187 quae
1145 3124 1277 3186 pemIciem
1295 3123 1385 3172 ferunt.

368 3201 495 3264 proprium
511 3208 560 3261 est,
582 3208 610 3250 ut
630 3202 678 3250 isto
697 3203 771 3251 modo
787 3204 857 3251 avidi
873 3217 915 3265 ap
991 3207 1059 3252 Νααι
1085 3205 1163 3250 inulto
1185 3205 1272 3264 plures
1296 3218 1393 3252 sacius.
1427 3201 1501 3251 Multi

368 3280 499 3343 pellentur.
533 3281 568 3330 Et
592 3282 651 3330 satis
676 3281 781 3339 dictum,
807 3295 847 3330 eos
869 3282 915 3330 sibi
955 3284 1041 3346 poetae
1053 3284 1114 3332 mihi
1126 3283 1222 3331 auxilio
1234 3283 1342 3341 venient,
1354 3297 1414 3330 num
1426 3284 1502 3331 mutto

368 3368 421 3408 tum
437 3361 582 3423 praesertim
599 3375 711 3424 parcere,
734 3362 780 3409 hoc
796 3368 845 3420 est,
865 3377 915 3411 uon
953 3364 1040 3424 plures
1056 3379 1151 3412 sumus.
1187 3363 1321 3424 Quaeritur
1342 3380 1419 3426 quam
1440 3360 1502 3425 qui?

368 3447 464 3488 tantum
480 3441 507 3488 iu
523 3440 571 3489 cibi
587 3447 612 3489 et-
627 3448 699 3504 potus
716 3454 774 3499 usu,
785 3442 828 3489 sed
840 3442 915 3490 etiam
956 3441 1038 3502 Quam
1055 3459 1108 3504 ego,
1125 3457 1175 3491 nou
1192 3444 1297 3503 dixeris3
1315 3459 1391 3506 quam
1402 3445 1502 3506 cogitet,

368 3520 394 3567 in
410 3520 466 3569 aliis
483 3521 568 3578 rebus,
590 3535 653 3583 quae
672 3520 810 3569 valetudini
826 3535 914 3569 nocere
955 3520 1046 3568 durum
1057 3528 1101 3570 est.
1118 3522 1239 3587 ,Fortasse
1249 3522 1419 3571 scribendum:
1436 3524 1502 3570 Nam

367 3600 474 3660 possint,
495 3613 552 3647 cum
575 3599 656 3648 vicino
678 3599 765 3648 funere
781 3601 913 3648 admonen-
955 3602 1023 3649 varille
1039 3608 1063 3649 et
1079 3603 1167 3664 plures
1186 3617 1281 3651 sumas.
1315 3603 1442 3651 Numerus
1463 3615 1501 3649 ne·

368 3685 416 3727 tur.
449 3678 482 3726 In
503 3679 589 3727 multis
608 3678 684 3729 MSS.
702 3693 752 3727 non
769 3681 854 3728 acidos
870 3680 913 3728 sed
954 3679 1017 3728 mini
1033 3679 1185 3743 displicebit,
1206 3681 1260 3730 sive
1281 3682 1353 3745 quasi
1375 3682 1402 3730 in
1419 3682 1502 3731 coniu-

367 3757 435 3805 oides
451 3756 551 3820 legitur.
585 3757 663 3814 Hinc,
682 3765 754 3822 puto,
771 3758 863 3821 optime
878 3758 913 3807 le·
955 3759 1027 3816 ratis,
1044 3766 1072 3807 ut
1083 3759 1202 3809 Scaevola
1213 3763 1278 3825 apud
1294 3761 1502 3811 Liv.II.12.di-

368 3850 467 3898 gcmus:
490 3837 565 3897 Vide,
576 3838 684 3885 αίσὶαααι
690 3837 776 3899 funus
788 3844 817 3885 ut
828 3852 914 3900 aegros
955 3838 1024 3886 eebat
1035 3838 1172 3900 Porsenae,
1184 3843 1289 3891 trecenti
1301 3844 1501 3891 coniurauimus.-

368 3916 519 3962 Exanimut.
553 3914 655 3963 Imitare
672 3929 771 3977 aegros,
788 3916 831 3978 qui
845 3931 914 3979 prae·
955 3919 1050 3967 sivein
1066 3934 1161 3969 morem
1176 3921 1313 3984 proverbii,
1329 3923 1429 3985 quando
1444 3921 1503 3970 talin

367 3993 432 4040 senti
453 3994 568 4056 exemplo
592 3993 667 4042 vicini
689 3993 782 4043 funeris
799 3995 830 4043 ab
846 3999 914 4046 omni
956 4005 1091 4061 augentur,
1113 4007 1142 4048 ut
1162 4003 1266 4059 centies,
1288 4004 1388 4051 situas.
1422 4001 1503 4050 Primi

367 4072 557 4136 intemperantia
573 4074 733 4123 deterrentur.
772 4077 846 4134 Vide,
864 4091 915 4126 non
957 4077 1094 4129 Christiani
1111 4080 1232 4130 dicerent:
1249 4082 1316 4130 Nam
1333 4081 1400 4145 legio
1412 4089 1437 4131 et
1448 4082 1501 4145 plu-

368 4152 452 4201 vides?
476 4159 505 4200 ut
530 4152 623 4203 Seneca
648 4154 679 4202 de
704 4153 780 4203 Prov.
797 4156 822 4203 2.
856 4157 915 4205 Nou
956 4172 995 4207 res
1012 4172 1111 4216 sumus,
1129 4167 1157 4208 ut
1173 4160 1200 4208 in
1216 4161 1316 4224 Euang.
1334 4162 1416 4210 Marci
1433 4162 1467 4212 V.
1479 4163 1501 4211 9.

367 4232 447 4291 vides,
464 4237 559 4296 quanto
571 4234 648 4282 aliter
657 4240 758 4296 putres,
774 4236 852 4283 aliter
863 4252 914 4284 mu-
956 4237 1055 4303 Λεγεὼν
1079 4239 1161 4304 ὄνομα
1182 4258 1225 4304 μοι
1246 4239 1285 4289 ὅτι
1308 4242 1402 4290 πολλοὶ
1419 4243 1502 4306 ἔσμεν.

368 4316 419 4360 tres
440 4313 605 4374 indulgeant?
638 4313 729 4362 Latino
750 4321 820 4363 sunt:
845 4317 914 4373 vide,
956 4318 1047 4366 Matth.
1070 4318 1173 4367 XXVI.
1200 4321 1239 4369 53.
1265 4320 1281 4379 ἢ
1308 4319 1388 4378 δοκεῖς
1413 4321 1453 4371 ὅτι
1473 4322 1502 4371 οὐ

368 4389 446 4438 oideu'
472 4396 502 4438 ut
518 4392 662 4449 exanimat,
676 4395 814 4442 exanimet:
836 4392 908 4443 Couf.
957 4396 1066 4461 δύναμαι
1083 4398 1141 4462 ἄρτι
1157 4397 1334 4462 παρακαλέσαι
1348 4401 1394 4450 τὸν
1406 4400 1502 4464 πατέρα

369 4466 482 4518 Oudend.
489 4470 521 4517 ad
530 4469 631 4520 Sueten.
640 4471 750 4535 August.
759 4473 800 4521 68.
819 4473 869 4533 sic,
880 4475 915 4523 ait
956 4494 1017 4540 μου,
1034 4478 1075 4525 καὶ
1088 4477 1244 4543 παραστήσει
1256 4497 1298 4542 μοι
1313 4480 1416 4539 πλείους
1429 4481 1445 4541 ἢ
1456 4480 1502 4530 δώ-

368 4547 499 4606 Horatius,
520 4550 603 4600 aliena
623 4553 753 4615 opprobria
773 4568 846 4617 saepe
862 4555 914 4602 ani-
957 4554 1016 4605 ὃεκα
1032 4557 1160 4622 λεγεῶνας
1178 4556 1307 4623 dypticum

853 4722 1015 4745 4.»-
