3750 5759
827 678 1013 743 LIBER
1059 680 1083 744 I.

422 865 562 950 Evenit,
587 865 756 952 inquirant
777 867 860 933 vitia
878 875 916 933 ut
939 874 997 934 tua
1015 892 1127 935 rursus
1152 875 1185 936 et
1206 870 1265 934 illi.

420 970 612 1036 iracundior
634 977 686 1037 est
707 971 843 1057 paullo,
872 973 983 1039 minus
1008 980 1105 1059 aptus
1129 975 1235 1040 acutis

419 1073 562 1140 Naribus
584 1074 702 1140 horum
726 1074 922 1159 hominum,
945 1077 1043 1143 rideri
1074 1079 1257 1164 possitae,
1284 1077 1371 1163 quod

419 1177 588 1244 Rusticius
610 1183 706 1243 tonso
724 1183 803 1264 toga
826 1179 959 1264 defluit,
987 1187 1020 1246 et
1040 1183 1126 1247 male
1143 1183 1238 1247 laxus

418 1282 459 1346 In
477 1281 560 1368 pede
582 1281 709 1347 calceus
729 1282 857 1361 haeret3
881 1289 916 1348 at
939 1293 990 1350 est
1008 1285 1134 1369 bonus,
1160 1292 1198 1351 ut
1217 1285 1333 1350 melior
1353 1284 1404 1351 vir

417 1384 493 1450 Non
515 1385 600 1451 alius
624 1386 816 1472 quisquam,
840 1393 875 1453 at
891 1388 955 1453 tibi
979 1390 1120 1472 amicus,
1143 1395 1179 1454 at
1190 1389 1362 1475 ingenium
1382 1389 1497 1475 ingens

417 1489 548 1555 Inculto
564 1490 648 1556 latet
670 1490 732 1556 hoc
753 1491 815 1557 sub
839 1513 979 1579 corpore.
1030 1493 1180 1580 Denique
1203 1494 1366 1579 teipsum

419 1593 586 1676 Gonoute,
614 1616 695 1659 num
717 1617 782 1680 qua
809 1595 871 1660 tibi
891 1595 1051 1661 vitiorum
1070 1597 1227 1662 inseverit
1246 1598 1326 1663 olim

417 1698 545 1765 Natura
568 1700 746 1766 autetiam
770 1701 972 1766 consuetudo
998 1702 1106 1780 mala3
1131 1703 1273 1789 namque

417 1801 585 1889 Neglectis
612 1804 736 1870 urenda
753 1804 827 1869 filix
848 1804 1033 1870 innascitur
1054 1806 1152 1891 agris.
1198 1839 1204 1856 =

417 1906 502 1972 Illuc
520 1913 787 1993 praevertamur3
812 1913 994 1974 amatorem
1021 1910 1108 1995 quod
1132 1908 1256 1975 amicae

417 2011 536 2097 Turpia
557 2012 727 2099 decipiunt
753 2034 886 2078 caecum
907 2013 1009 2097 vitia,
1035 2020 1093 2079 aut
1115 2015 1216 2080 etiam
1236 2013 1308 2098 ipsa
1332 2013 1409 2080 haec

417 2116 607 2200 Delectant,
628 2116 733 2182 veluti
757 2117 936 2182 Balbinum
957 2118 1099 2205 polypus
1124 2119 1272 2204 Hagnae.

415 2222 545 2288 Vellem
576 2223 611 2287 in
638 2223 786 2289 amicitia
809 2223 856 2289 sic
883 2246 1083 2309 erraremus,
1106 2233 1139 2291 et
1163 2226 1221 2291 isti

416 2326 526 2392 Errori
549 2349 669 2393 nomen
690 2328 794 2394 virtus
815 2328 981 2413 posuisset
1000 2329 1185 2396 honestum.

404 2472 473 2520 Illuc
479 2477 679 2533 praevertemur.
705 2471 854 2533 Legendum
863 2484 917 2520 cen-

370 2564 423 2600 seo:
441 2549 507 2599 Illuc
520 2557 719 2611 praevertamus.
753 2550 826 2612 Quod
835 2551 918 2614 turpia

371 2629 462 2678 amicae
479 2629 539 2678 vitia
555 2638 692 2679 amatorem
711 2631 848 2694 decipiunt,
875 2638 918 2679 aut

371 2710 444 2758 etiam
465 2709 600 2769 delectant,
619 2710 680 2758 illud
697 2710 814 2769 vitemus,
832 2724 917 2759 eavea-

370 2803 433 2838 mus.
457 2789 534 2838 Notio
555 2791 661 2849 vitandi,
686 2791 790 2839 cavendi
810 2791 863 2853 ipsa
884 2805 917 2838 ex

367 2872 548 2930 praevertendo
568 2872 669 2933 aliquid
685 2869 791 2932 profluit.
821 2869 916 2918 Plinius

370 2961 393 2996 u
409 2962 431 2996 c.
447 2948 528 3012 Epist.
544 2950 596 2999 III.
608 2951 631 2998 9.
642 2952 826 2999 accusationem
838 2956 917 2999 morte

366 3031 517 3088 praeteriit.
534 3029 692 3092 Priusquam
703 3030 812 3078 accusari
827 3035 916 3090 posset,

369 3119 395 3154 se
414 3106 543 3157 interfecit.
577 3109 661 3157 Morte
691 3109 752 3156 adeo
776 3107 917 3157 voluntaria

369 3186 433 3235 cavit
449 3202 481 3236 ne
497 3195 666 3247 accusaretur,
683 3188 862 3237 accusationem
880 3189 915 3237 vi-

370 3267 439 3316 tavit.

405 3349 499 3396 Vellem
519 3349 548 3396 iu
573 3349 688 3398 umimtio
709 3349 745 3398 sic
761 3362 915 3397 erraremus.

370 3422 520 3474 Concinnins
536 3426 563 3474 in
580 3441 620 3486 eo,
638 3429 704 3491 quod
718 3441 815 3490 semper
827 3435 852 3474 et
863 3426 915 3474 ubi-

368 3518 418 3566 que
435 3505 491 3554 fieri
506 3514 634 3570 optamus:
651 3511 687 3557 sic
703 3512 844 3556 erraretur.
867 3506 914 3554 Te·

369 3590 431 3632 rent.
447 3584 538 3636 Heaut.
559 3585 689 3634 1.1.102.
716 3587 774 3634 Hoc
795 3585 845 3647 fit,
871 3587 915 3633 ubi

368 3678 417 3712 uos
441 3680 498 3713 uere
518 3667 623 3714 eicitur.
655 3665 742 3715 Horat.
769 3663 852 3714 Cann.
877 3664 914 3713 II.

368 3755 426 3792 xvr.
445 3743 483 3792 13,
513 3746 615 3792 Vivitur
630 3759 709 3806 parvo
725 3746 794 3801 bene,
811 3745 852 3793 eui
869 3760 914 3807 pu·

368 3827 468 3871 tanum
483 3825 604 3886 Splendet
621 3825 648 3871 in
661 3837 746 3870 merua
767 3825 838 3871 terrui
853 3825 913 3872 sali·

368 3917 437 3952 num.
453 3901 504 3951 Vel
519 3902 601 3966 potius
622 3904 666 3950 uti
683 3909 830 3964 paternum.
863 3900 913 3950 Im·

368 3982 506 4044 personalia
525 3982 573 4030 ista
596 3995 669 4045 saepe
694 3981 829 4030 alibrariis
849 3981 914 4030 male

368 4061 394 4110 in
410 4062 547 4126 personalia
571 4068 707 4111 mutantur.
742 4059 813 4110 Conf.
830 4059 913 4108 Bentl.

368 4143 399 4190 ad
414 4143 503 4192 Horat.
512 4141 585 4191 Satir.
594 4142 615 4191 1.
633 4155 671 4189 rx.
680 4141 721 4189 48.
737 4139 843 4189 afferens
854 4155 913 4203 quo-

368 4235 415 4285 qne
426 4221 560 4272 Claudiani
574 4220 624 4270 IV.
642 4219 717 4270 Cone.
731 4220 839 4268 Honorii
856 4220 913 4270 266.

368 4307 421 4352 tum
442 4303 536 4352 durius
560 4302 617 4348 irae
656 4298 815 4358 Consulum,
837 4316 914 4363 quum

367 4397 444 4444 poma
463 4386 547 4445 potet.
580 4379 620 4428 Ibi
644 4379 669 4427 in
688 4378 741 4427 aliis
758 4378 835 4429 MSS.
861 4387 914 4429 erat

367 4463 535 4519 mmulinsur,
558 4461 720 4510 consulimus.
762 4458 914 4509 concinnius

959 2475 1049 2522 suisset
1074 2477 1211 2522 honestum.
1245 2473 1322 2522 Dictu
1347 2486 1397 2521 non
1427 2472 1510 2529 facile,

960 2553 1018 2616 quid
1038 2553 1077 2600 hic
1093 2553 1125 2601 ait
1141 2555 1224 2602 uirtus
1245 2555 1328 2600 errori
1342 2553 1418 2614 pouit
1439 2554 1509 2601 houe-

959 2638 1026 2680 stum
1049 2648 1142 2681 norim.
1177 2631 1328 2694 Interpretes
1350 2631 1509 2681 dissentiunt:

959 2708 1006 2759 fuit
1024 2710 1080 2770 vel,
1098 2712 1140 2774 qui
1159 2718 1310 2774 exponeret:
1326 2711 1424 2758 virtutis
1440 2726 1509 2774 prae-

960 2797 1069 2853 ceptores
1086 2798 1189 2854 ponunt.
1224 2791 1291 2851 Quid
1316 2791 1439 2838 sententia
1463 2789 1510 2838 loci

959 2879 1057 2933 poscat,
1075 2886 1126 2920 non
1149 2872 1281 2920 obscurum
1301 2877 1345 2918 est.
1378 2870 1454 2918 Pater
1471 2884 1508 2918 er-

959 2956 998 2998 rat
1011 2949 1090 2999 filium
1101 2953 1243 2999 strabonem
1256 2949 1379 3013 appellans
1394 2955 1507 3011 paetum.

960 3029 1064 3078 Utinam
1074 3030 1108 3077 sic
1125 3030 1202 3093 vulgo
1217 3030 1244 3077 in
1255 3029 1360 3077 amicitia
1376 3036 1509 3089 erraretur,

960 3114 984 3156 et
1006 3107 1092 3172 aliquis
1117 3112 1201 3159 uineas
1216 3111 1321 3172 porcius
1345 3107 1420 3156 homo
1432 3108 1509 3176 frupt

959 3189 1132 3251 appellaretur.
1172 3188 1214 3238 Sic
1238 3188 1298 3236 vitio
1323 3188 1393 3251 quasi
1417 3203 1507 3238 nomen

960 3268 1058 3317 virtutis
1067 3270 1174 3317 daretur.
1194 3267 1289 3318 Contra
1302 3274 1385 3316 antem
1398 3267 1506 3318 facinus.

959 3346 1056 3396 Damus
1080 3348 1213 3397 virtutibus
1239 3347 1341 3395 nomina
1365 3347 1506 3408 inhonesta,

959 3440 1000 3474 eas
1016 3429 1180 3483 invertimus,
1204 3424 1353 3488 appellantes
1378 3440 1447 3484 eum,
1465 3430 1507 3491 qui

959 3507 1017 3554 bene
1027 3520 1105 3554 sonus
1122 3520 1152 3554 aa
1163 3520 1212 3553 uon
1223 3507 1343 3553 incautus
1355 3510 1402 3565 est,
1412 3506 1506 3568 fictum

958 3591 1128 3646 astutumque.
1169 3583 1274 3632 Horatio
1300 3582 1405 3645 dignum
1430 3592 1506 3634 esset:
1580 3640 1582 3643 ,

958 3670 983 3713 et
1000 3666 1044 3713 isti
1071 3665 1168 3712 Errori
1184 3678 1270 3712 uonzeu
1282 3664 1337 3711 ritu
1348 3665 1506 3724 imposuisset

958 3747 1095 3793 honestum.
1131 3744 1208 3793 Recte
1231 3741 1430 3792 Commentator:
1456 3744 1505 3803 „ita

957 3822 1040 3883 fieret,
1057 3831 1085 3873 nt
1102 3838 1171 3873 error
1182 3824 1223 3872 ille
1234 3824 1315 3887 potius
1327 3823 1419 3882 virtus,
1430 3838 1505 3888 quam

957 3903 1044 3950 vitium
1060 3903 1204 3952 diceretur
1232 3905 1378 3960 Diceretur,
1396 3917 1411 3950 a
1428 3903 1504 3965 nobis,

957 3996 1009 4030 non
1021 3999 1036 4030 a
1047 3983 1154 4032 virtute:
1172 3982 1226 4047 quis
1243 3982 1306 4031 ferat
1322 3984 1407 4031 uirtus
1423 3988 1506 4034 errori

957 4064 1003 4109 dat
1018 4077 1106 4112 uorum
1122 4063 1246 4111 struitis?
1279 4061 1397 4109 Horatius
1418 4077 1505 4112 norrea

956 4141 1082 4203 imponere
1100 4156 1172 4206 saepe
1189 4142 1275 4196 utitur,
1291 4146 1320 4187 ut
1336 4138 1390 4187 loco
1408 4139 1504 4188 hucin·

956 4220 1041 4281 primis
1060 4220 1162 4269 faciente
1180 4220 1252 4270 Satir.
1266 4219 1303 4268 II.
1322 4233 1362 4267 111.
1384 4219 1441 4267 280.
1460 4220 1504 4267 Es

956 4315 1022 4349 more
1038 4303 1166 4362 imponens
1177 4303 1282 4359 copuoto
1295 4298 1415 4346 uocabula
1423 4299 1503 4347 rebus.

958 4377 1008 4428 Ubi
1025 4378 1107 4429 Sahal.
1123 4393 1179 4448 „ex
1200 4375 1379 4424 consuetudine
1396 4374 1503 4438 vulgari,

957 4459 1054 4508 diversa
1065 4459 1176 4523 quidem,
1191 4458 1234 4505 sed
1250 4469 1301 4503 non
1318 4453 1424 4503 multum
1438 4454 1503 4504 inter

367 4539 405 4589 hio
423 4545 557 4590 erraretur
578 4545 706 4602 propterea
724 4554 835 4603 quoque,
857 4540 915 4603 qnia
957 4553 984 4587 se
1005 4537 1145 4586 distantia.“
1192 4534 1352 4585 Consuetudo
1377 4533 1502 4597 uulgaris,

368 4621 476 4685 sequitur
492 4621 577 4669 uirtus
592 4634 680 4668 nomen
694 4621 825 4682 possuisset.

399 4703 439 4751 Et
456 4701 504 4751 isti
537 4699 633 4748 Errori
657 4713 745 4748 nomm
769 4701 852 4748 uirtus
871 4714 915 4761 po·

957 4633 1011 4667 mos
1036 4617 1148 4675 vivendi,
1174 4615 1277 4679 agendi,
1297 4614 1426 4678 loquendi,
1452 4628 1503 4662 uno

957 4697 1076 4746 vocabulo
1087 4698 1140 4746 vitu
1151 4694 1294 4759 appellatur,
1324 4697 1385 4743 Vita
1396 4695 1502 4757 imponit
