3750 5759
421 659 460 718 111
807 659 1159 728 salinarium

467 843 582 908 [nccdo
607 844 712 927 solus,
737 853 908 930 percontor
932 850 1046 933 quanti
1074 850 1145 915 olus
1170 873 1206 915 uc
1232 852 1296 916 liu:

463 947 629 1012 Fallacenr
654 948 785 1013 Circum
809 951 1096 1037 vespertinumque
1120 977 1246 1039 pererro

466 1054 567 1137 Saepo
590 1051 713 1135 forum⁷
739 1053 863 1119 adsisto
887 1056 1024 1139 divinis,
1050 1058 1125 1123 inde
1149 1058 1284 1123 domum
1308 1081 1360 1123 mc

460 1156 514 1221 Ad
536 1155 623 1241 porri
647 1160 680 1219 ct
703 1156 814 1222 ciceris
838 1158 939 1223 roforo
965 1159 1140 1245 laganique
1165 1161 1320 1226 catimun.

463 1262 572 1327 Coena
594 1258 801 1324 ministratur
823 1261 932 1345 pueris
957 1262 1079 1344 tribus,
1105 1270 1138 1327 ot
1161 1263 1245 1349 lapis
1270 1264 1364 1329 albus

462 1363 585 1429 Pocula
608 1386 683 1427 cum
702 1364 820 1447 cyatho
841 1365 905 1430 dno
928 1367 1086 1450 sustinet,
1111 1368 1221 1433 adstat
1243 1368 1377 1434 echinus

460 1469 564 1552 Vilis,
587 1490 661 1533 cum
685 1475 797 1553 patera
820 1475 952 1555 guttuS,
979 1472 1148 1558 Campana
1171 1474 1328 1559 supellex.

461 1572 588 1638 Deinde
612 1593 648 1635 eo
668 1571 865 1656 domitum,
891 1596 957 1639 non
983 1576 1163 1659 sollicitus,
1187 1577 1268 1641 mihi
1292 1578 1379 1663 quod
1404 1599 1474 1641 cras

462 1677 668 1761 Snrgendum
693 1676 737 1740 sit
761 1698 872 1761 manc,
900 1680 1068 1745 obeundus
1092 1680 1240 1764 Marsya,
1263 1682 1320 1767 qui
1343 1704 1378 1747 sc

459 1782 600 1846 Vultum
624 1780 706 1846 farre
727 1787 827 1865 nogat
851 1782 1033 1847 Noviorum
1056 1806 1152 1868 possa
1175 1785 1321 1850 minoris.

460 1886 515 1950 Ad
539 1891 689 1971 quartam
716 1884 805 1965 iaceo
813 1912 821 1964 ;
854 1892 931 1971 post
954 1888 1039 1953 hanc
1060 1910 1178 1975 vagor,
1203 1894 1261 1953 aut
1284 1911 1361 1974 ogo,
1384 1889 1469 1954 lecto

458 1991 529 2055 Aut
550 1990 686 2075 script0,
712 1989 798 2075 quod
821 2012 875 2055 mc
900 1992 1039 2057 tacitum
1063 1993 1168 2075 iuvat,
1192 2015 1298 2079 ungor
1323 1993 1428 2076 olivo,

460 2095 536 2160 Non
560 2094 807 2179 quo'fraudatis
832 2095 1024 2161 immundus
1049 2096 1152 2162 Natta
1175 2097 1325 2163 lucernis.

459 2201 524 2264 Ast
547 2198 603 2263 ubi
628 2220 681 2263 mo
704 2198 828 2263 fassum
854 2199 902 2264 sol
927 2200 1031 2264 acrior
1054 2200 1100 2265 irc
1121 2202 1268 2267 lavatum

458 2303 657 2385 Admonuit,
683 2302 775 2387 fugio
799 2303 961 2388 Campum
982 2303 1157 2390 lusumque
1181 2305 1352 2391 trigonam.

458 2409 603 2473 Pransns
626 2429 693 2471 non
720 2407 832 2489 avido,
855 2413 1016 2492 quantum
1041 2408 1230 2494 interpollet
1253 2410 1344 2475 inani

457 2513 580 2578 Venire
601 2512 689 2576 diem
714 2511 845 2595 durare,
867 2511 1066 2579 domesticus
1092 2514 1183 2579 otior.
1235 2515 1325 2580 Haec
1347 2521 1397 2579 est

456 2618 536 2682 Vita
563 2617 745 2682 solutorum
768 2615 888 2682 misera
910 2617 1090 2682 ambitione
1111 2619 1284 2705 graviquc3

457 2722 520 2787 His
543 2743 596 2786 me
618 2721 767 2786 consolor
788 2720 952 2786 victurum
977 2721 1129 2806 suavius,
1151 2745 1188 2789 ac
1212 2723 1241 2789 ai

457 2825 617 2905 Quaestor
637 2847 717 2890 avus
740 2830 833 2910 pater
852 2831 950 2911 atquo
966 2848 1058 2891 meus
1082 2832 1284 2913 patruusque
1308 2826 1435 2893 fuisset.

412 3034 458 3068 nus
481 3034 514 3067 cx
535 3019 674 3067 conicetura
690 3017 798 3079 rcposuit
814 3018 902 3065 rnaltia
920 3023 958 3065 at·
979 3033 982 3066 ι
1000 3017 1079 3080 Epod.
1089 3018 1179 3067 XVII.
1206 3020 1370 3081 Vespertirraa
1381 3019 1555 3082 circumerrat

410 3114 458 3160 que
479 3101 544 3147 aliis.
583 3097 690 3148 Orcllius
713 3097 851 3145 annotarit:
875 3096 960 3156 „Sanc
1001 3112 1077 3147 araas
1094 3099 1163 3147 ovile.
1198 3098 1271 3148 Satir.
1290 3098 1312 3146 I.
1331 3112 1372 3146 111.
1388 3097 1554 3159 nuquitia-

410 3185 496 3227 contra
520 3192 594 3225 usum
619 3176 748 3240 vulgarem
774 3176 832 3223 dicit
852 3178 962 3224 millibus
1001 3182 1108 3225 ciurana
1129 3192 1204 3226 sacra
1227 3180 1321 3241 lecerit.
1338 3178 1374 3226 Π.
1392 3191 1430 3225 1v.
1449 3176 1487 3227 17.
1522 3177 1555 3225 Si

410 3259 470 3307 olir'a
486 3273 531 3321 pro
547 3260 615 3307 mille
630 3259 695 3307 aliis.
729 3255 810 3304 Nimis
827 3254 961 3303 infinitese
1000 3258 1157 3319 vespertinae
1168 3260 1251 3307 credito
1262 3264 1286 3307 te
1296 3258 1449 3321 oppresserit
1457 3258 1553 3320 lrcrpee.

410 3351 466 3385 cum
484 3340 553 3387 rrrillc
568 3339 628 3387 aliis
645 3337 767 3386 conferret
778 3336 803 3383 in
815 3334 903 3399 quibus
915 3350 958 3397 po·
1002 3335 1036 3384 11.
1055 3349 1092 3384 vr.
1110 3336 1150 3385 99.
1168 3339 1264 3385 rrroern'a
1281 3338 1400 3386 nocturni
1411 3337 1553 3398 subrepere.

410 3424 491 3466 terant
507 3432 559 3466 cssc
580 3419 708 3476 cordonas,
733 3430 783 3466 non
805 3416 888 3465 addito
911 3415 960 3479 cpi·
1001 3416 1035 3462 Ε1
1052 3416 1087 3463 sic
1104 3415 1145 3464 alii
1161 3416 1307 3479 pracsertim
1324 3416 1350 3463 in
1367 3416 1484 3478 temporis
1506 3430 1551 3464 no-

409 3497 489 3546 thoto:
501 3498 625 3561 longcmc
636 3496 854 3561 opulentioribus.“
877 3496 961 3544 Erunt
1001 3494 1080 3553 tione,
1102 3503 1130 3544 ut
1152 3495 1241 3545 Gracci
1258 3496 1360 3560 χθιζὸς,
1379 3494 1551 3561 πανημέριος,

410 3576 524 3635 fortasse,
544 3578 586 3641 qui
603 3577 649 3625 hoc
665 3592 698 3626 ax
714 3576 767 3639 ipsa
783 3575 906 3624 sententia
922 3589 959 3623 sc·
1002 3575 1159 3639 παννύχιος,
1178 3580 1299 3639 τριταῖος.

409 3658 452 3722 qui
468 3664 564 3721 putent.
598 3656 732 3706 Horatium
756 3655 880 3719 scripsisse
902 3669 959 3702 con-
1034 3656 1453 3719 Postirancrnqorcuteooleclo.
1472 3654 1553 3703 Unice

408 3737 473 3786 iicio:
508 3738 686 3800 Nobilibusqae
702 3737 762 3785 aliia
778 3738 839 3785 vivo.
873 3737 913 3784 Eo
924 3736 959 3783 al·
980 3738 982 3778 Ι
1001 3747 1060 3781 vcra
1077 3742 1114 3782 cst
1131 3734 1254 3783 distinctio
1270 3733 1515 3797 Bcntlciana:quam
1526 3742 1553 3784 ct

408 3815 494 3865 ludera
518 3817 634 3865 videntur
658 3815 736 3866 MSS.
761 3816 788 3864 in
813 3815 903 3879 quibus
921 3822 959 3863 ast
1000 3812 1141 3862 Meinckius
1166 3815 1329 3863 commendat.
1371 3814 1411 3863 Dc
1436 3813 1552 3862 ablativis

408 3898 523 3955 11111111,
540 3904 564 3944 et
580 3897 605 3943 in
622 3910 673 3944 uno
690 3897 821 3944 rrrilitiius.
1000 3893 1052 3941 istis
1085 3894 1243 3943 conferantur
1273 3895 1417 3957 interpretas
1445 3894 1476 3941 ad
1506 3892 1552 3943 Sil.

445 3978 669 4039 Vespertirrcmqne
685 3989 788 4037 pererro
824 3975 904 4036 Saepe
915 3974 958 4037 fo
999 3972 1055 4020 ital.
1081 3973 1157 4022 XIV.
1178 3974 1217 4025 97.
1245 3980 1270 4021 ct
1292 3972 1361 4023 Cort.
1381 3975 1413 4021 al
1441 3972 1553 4023 Sallustii

407 4073 471 4105 rum.
495 4055 585 4103 Melius
597 4054 733 4102 arbitrabor
743 4054 959 4116 rapertinarqae,
999 4053 1094 4101 Histor.
1112 4054 1148 4104 V.

407 4136 473 4199 quod
490 4134 555 4183 idom
571 4134 674 4183 coniecit
690 4132 844 4191 Lambinus,
862 4132 956 4179 addam
978 4157 980 4172 ι
1038 4133 1165 4191 eraeator
1190 4148 1264 4191 avus,
1288 4140 1366 4197 pater
1391 4140 1467 4198 atque
1483 4149 1553 4183 amca

407 4224 490 4263 tamen
507 4213 570 4263 nihil
586 4213 691 4272 rafcrro,
707 4220 764 4261 utro
780 4213 854 4260 modo
865 4211 958 4274 legere·
999 4218 1159 4276 patruusque
1169 4214 1274 4274 feriaret.
1308 4214 1352 4263 Mc
1370 4214 1462 4271 iudice,
1478 4214 1552 4276 poita

406 4303 453 4345 tur.
492 4296 668 4357 Vespertirua,
686 4294 772 4350 orado,
795 4299 832 4341 est
849 4291 957 4355 exquisi-
977 4273 980 4320 l
998 4291 1135 4355 olcgantins
1152 4293 1301 4357 scripsisset:
1328 4294 1452 4352 eracstor
1474 4308 1552 4352 aeas,

406 4374 467 4433 tius,
496 4373 626 4437 magisque
654 4388 685 4422 ox
714 4386 782 4421 moro
810 4372 957 4421 Horatiano.
997 4379 1150 4437 praetorque
1165 4379 1241 4436 pater
1256 4378 1417 4437 patruusque
1426 4372 1535 4435 suasa.

895 4563 1060 4592 -.ζοφ-
