3750 5759
809 680 990 746 LIBER
1037 683 1061 747 l.

412 860 570 927 Ourrebat
590 861 720 947 fugiens
744 863 888 948 hostem,
913 888 1067 953 persaepe
1089 869 1179 934 velut
1199 870 1254 955 qui

412 964 549 1030 Iunonis
571 987 662 1031 sacra
682 965 795 1031 ferret:
819 968 961 1034 habebat
980 992 1076 1056 saepe
1102 971 1279 1057 ducentos,

412 1066 515 1152 Saepe
538 1068 649 1134 decem
671 1091 800 1135 servos:
824 1071 922 1137 modo
946 1095 1039 1158 reges
1065 1079 1162 1161 amue
1184 1077 1382 1162 tetrarchae,

414 1171 534 1238 Omnia
553 1194 676 1258 magna
695 1173 850 1259 loquens:
870 1175 983 1260 modo,
1003 1177 1080 1259 „sit
1100 1178 1183 1243 mihi
1206 1201 1320 1245 mensa
1338 1183 1450 1268 tripes,
1474 1192 1507 1249 ct

413 1274 546 1340 Concha
568 1275 647 1340 salis
673 1275 747 1361 puri
768 1282 802 1342 et
823 1282 918 1363 toga,
942 1302 1024 1365 quae
1047 1280 1218 1348 defendere
1237 1283 1359 1370 frigus,

414 1377 571 1458 Quamvis
592 1400 720 1463 crassa,
742 1384 875 1466 queat.“
922 1383 1038 1450 Decies
1064 1391 1201 1452 centena
1222 1387 1366 1454 dedisses

414 1481 502 1547 Huic
524 1504 639 1567 parco,
666 1483 780 1569 paucis
801 1489 974 1570 contento,
995 1488 1139 1575 quinque
1164 1490 1278 1557 dicbus

413 1586 471 1650 Nil
494 1586 619 1650 eratin
644 1586 772 1653 loculis.
820 1587 942 1655 Noctes
963 1590 1125 1676 vigilabat
1148 1594 1318 1680 adipsum

414 1689 530 1772 Mane,
554 1689 642 1755 diem
664 1695 772 1757 totum
794 1693 960 1758 stertebat.
1009 1695 1066 1760 Nil
1086 1696 1152 1762 fuit
1172 1720 1329 1784 umquam

415 1793 469 1859 sio
492 1792 599 1879 impar
619 1793 692 1860 sibi.
739 1794 836 1862 Nunc
859 1797 979 1883 aliquis
1008 1800 1097 1867 dicat
1118 1802 1219 1868 mihi:
1245 1802 1357 1887 „Quid
1384 1806 1438 1868 tu?

369 2006 400 2048 ut
421 2001 466 2062 qui
499 2000 606 2048 Iunonia
627 2014 703 2049 sacra
715 2001 807 2064 ferret.
843 1999 922 2061 Saepe
962 2013 1013 2047 non
1029 2000 1105 2062 potui.
1130 2001 1206 2049 Potui
1223 2001 1509 2066 aliquantum‚sitrans-

367 2078 455 2128 similis
476 2086 529 2128 erat
554 2080 663 2129 currenti
689 2087 714 2128 ct
734 2081 830 2130 hostem
852 2079 922 2128 ausu-
962 2087 1089 2140 ponuntur
1121 2087 1146 2128 et
1175 2083 1346 2145 explicantur,
1375 2091 1403 2131 ut
1435 2097 1509 2145 appo-

370 2158 461 2223 granai,
483 2174 600 2223 persaepe
616 2175 687 2209 sacra
703 2161 807 2210 Iunonis
825 2160 922 2212 ferenti.
963 2173 1034 2207 nam:

371 2243 433 2290 Fau
450 2241 504 2297 illi,
520 2246 549 2288 ut
565 2239 591 2287 in
607 2246 667 2287 nota
684 2238 791 2288 formula
806 2245 843 2288 est
859 2240 922 2287 milri

370 2323 428 2369 me
451 2318 507 2368 sim.
525 2319 632 2381 Propius
649 2319 741 2368 amit
757 2317 820 2366 fflud
836 2316 922 2367 Ovidii
994 2291 1069 2339 Nunc
1086 2291 1173 2356 aliquis
1185 2294 1249 2343 dicat
1261 2294 1335 2343 mihi:
1353 2294 1435 2356 „Quid
1446 2296 1489 2342 tu?

370 2397 474 2446 Heroid.
496 2397 558 2447 XX.
586 2400 639 2448 122.
674 2397 856 2446 Hostiliae-Sic
872 2399 921 2457 ait,
962 2399 1071 2448 Nullane
1088 2400 1163 2449 habes
1180 2402 1273 2450 vitia?“
1297 2401 1352 2449 Imo
1369 2400 1427 2458 aha,
1445 2401 1511 2449 hand

370 2484 400 2527 at
415 2480 531 2527 invalida
547 2483 572 2526 te
587 2479 650 2527 solet
665 2492 715 2527 ease
729 2478 800 2525 acilii.
828 2476 919 2526 Matth.
1256 2479 1359 2528 fortasse
1370 2479 1473 2528 minora.

371 2559 470 2621 Euang.
491 2557 555 2607 XII.
577 2559 618 2607 te.
639 2556 719 2615 οὕτως
740 2557 810 2606 ἔσται
830 2556 871 2604 καὶ
888 2557 921 2620 τῇ
961 2555 1044 2617 „Cum
1060 2563 1104 2606 tua
1119 2556 1247 2620 pervideas
1265 2559 1340 2607 oculis
1356 2558 1422 2608 mala
1432 2558 1512 2622 lippus

371 2639 446 2704 γενεᾷ
461 2636 552 2701 ταύτῃ.
1258 2637 1364 2686 inunctis

406 2719 524 2767 Habebat
538 2731 612 2777 saepe
627 2717 757 2775 eruenta,
783 2716 863 2777 Saepe
878 2717 919 2764 de·
965 2716 1018 2767 Cur
1035 2716 1208 2765 inamioorum
1221 2717 1285 2765 vitiis
1298 2724 1349 2765 tam
1364 2718 1442 2766 cernis
1457 2731 1512 2765 acu-

372 2811 522 2847 cemaerraa.
539 2794 621 2844 Bentl.
630 2794 729 2843 coniicit
737 2797 827 2844 elebct.
844 2794 920 2844 Prae·
1258 2803 1324 2855 tum,

372 2884 410 2926 ter
431 2876 557 2940 exempla,
583 2890 646 2939 quae
666 2875 749 2933 affert,
774 2873 853 2923 multa
874 2873 922 2922 alia
962 2876 1044 2938 Quam
1066 2883 1110 2925 aut
1131 2875 1214 2940 aquila
1231 2881 1274 2922 aut
1289 2890 1389 2938 serpeus
1404 2876 1511 2937 Epidau-

372 2964 437 3006 sunt.
472 2953 529 3019 Ipse
553 2954 641 3005 Horat.
664 2955 738 3006 Satir.
760 2955 781 3004 1.
802 2969 840 3003 vr.
866 2956 920 3004 103.
1259 2954 1514 3003 riusthttibicontra

371 3038 653 3100 plurescaloneautqae
667 3038 761 3085 caballi
788 3038 922 3086 Peccandi.
963 3035 1070 3093 Evenit,
1094 3034 1219 3098 inquirant
1244 3034 1305 3082 vitia
1321 3040 1348 3081 ut
1368 3041 1411 3082 tua
1428 3048 1513 3082 rursus

374 3118 408 3166 Et
416 3116 442 3164 in
450 3115 709 3178 noboEpigrammatc:
718 3113 827 3178 Σώματα
838 3114 923 3162 πολλὰ
1259 3120 1285 3162 et
1301 3113 1345 3162 illi.

374 3196 480 3262 τρέφειν.
510 3194 607 3244 Tamen
619 3196 724 3243 babebat
735 3193 853 3243 usitatum
864 3208 923 3258 quo
965 3193 1079 3242 Maenius
1097 3195 1222 3243 absentem
1237 3193 1347 3242 Novium
1360 3208 1416 3241 cum
1430 3207 1512 3256 carpe-

374 3288 422 3338 que
447 3273 474 3321 in
498 3272 546 3321 hac
569 3288 597 3322 re
623 3273 734 3322 verbum.
777 3273 871 3337 Appul
899 3274 925 3322 in
1259 3280 1308 3322 ret:
1327 3273 1413 3331 „Heus
1431 3279 1471 3330 tu,

375 3354 483 3418 Apolog.
504 3368 528 3415 p.
549 3353 605 3402 428.
642 3355 697 3416 Epo
718 3355 791 3410 adeo,
813 3369 926 3403 amoene
966 3351 1258 3416 Quidamait„,ignoras
1275 3361 1351 3411 te,an
1364 3360 1392 3400 ut
1401 3353 1514 3415 ignotum

375 3436 465 3483 habeus
482 3435 517 3481 ud
538 3447 627 3496 aprum
652 3432 793 3490 colendum,
816 3447 849 3479 un
872 3433 927 3493 ipae
1261 3432 1319 3478 clarc
1337 3430 1407 3478 nobis

375 3514 520 3562 arautuuriua
531 3526 621 3574 operas
631 3526 688 3559 cum
699 3510 788 3558 vicinis
798 3511 849 3557 tuis
860 3526 925 3558 cam·
965 3509 1051 3559 Verba
1067 3512 1153 3572 putas?
1187 3511 1310 3573 „Egomet
1326 3510 1361 3556 mi
1378 3510 1503 3573 ignosco,“

375 3595 441 3653 bles,
459 3609 537 3656 usqae
557 3593 607 3642 acio
628 3605 707 3652 aeque
729 3590 821 3637 laboro.
854 3588 925 3637 Idem
1260 3589 1375 3638 Maenius
1392 3589 1479 3653 inquit.

375 3688 398 3736 p.
416 3672 472 3721 438.
509 3673 584 3730 Quod
598 3672 655 3720 vivo
670 3668 761 3732 pracda*
772 3669 851 3727 Lare,
862 3670 928 3730 qiud
968 3667 1064 3719 Stultus
1081 3674 1106 3717 et
1123 3668 1247 3732 Mprobus
1264 3668 1303 3717 hic
1322 3684 1392 3717 amor
1408 3677 1459 3730 cst,
1480 3672 1515 3718 di-

373 3751 505 3813 puuca'ores
522 3751 611 3808 balteo,
627 3749 731 3810 porcius
744 3761 833 3809 pasco,
850 3748 927 3796 ladas
1264 3760 1376 3811 gnusquc
1394 3748 1481 3797 notari.

376 3832 466 3888 reatu,
489 3830 574 3877 ruinas
595 3826 705 3876 abactio?
742 3825 815 3876 Cous.
837 3828 925 3876 Burm.
967 3826 1031 3875 Illuc
1057 3833 1257 3890 praevertemur,
1286 3834 1421 3876 amatorem
1450 3830 1514 3891 quod

376 3910 408 3957 ad
428 3909 502 3971 Virg.
525 3906 617 3970 Georg.
641 3907 662 3956 Ι.
679 3908 703 3955 3.
720 3908 764 3969 qui
780 3908 863 3955 cultus
880 3909 924 3956 ba·
1269 3907 1361 3956 amicae

376 3989 452 4037 tendo
482 3989 524 4036 Sit
551 3989 644 4050 pecora.
678 3987 763 4050 Quum
790 3986 873 4035 Bentl.
900 3985 926 4034 in
966 3985 1061 4050 Turpia
1069 3985 1192 4050 decipiunt
1200 3999 1300 4035 meeum
1310 3987 1378 4047 vitia,
1388 3994 1431 4036 aut
1442 3987 1515 4036 etiam

376 4065 491 4114 Phaedro
515 4066 566 4115 111.
589 4067 612 4114 3.
637 4067 739 4116 babenti
759 4067 861 4115 cuidam
880 4081 926 4128 pe·
1261 4065 1315 4128 ipsa
1331 4067 1392 4116 haec

376 4158 434 4193 cora
456 4144 567 4192 mutabat
588 4143 615 4191 in
638 4145 731 4202 alenti,
752 4144 817 4192 idem
838 4143 925 4192 Burm.
966 4144 1110 4202 Delectant,
1144 4144 1219 4193 veluti
1252 4142 1384 4194 Balbinum
1411 4144 1515 4209 polypus

376 4237 433 4272 eum
451 4224 513 4274 bene
528 4224 654 4274 refutarit.
1261 4224 1378 4286 Hagnae3

378 4296 381 4301 ’
410 4305 487 4353 Nune
503 4305 597 4367 aliquia
617 4306 688 4354 duat
710 4305 782 4353 nisti.
815 4302 925 4352 Multum
968 4303 1005 4353 At
1021 4310 1090 4366 pater
1111 4308 1139 4350 ut
1164 4302 1246 4364 gnati,
1270 4302 1305 4350 sic
1330 4316 1374 4350 uos
1399 4301 1515 4351 debemus

376 4388 401 4430 et
418 4382 461 4430 din
477 4384 508 4432 de
524 4399 574 4433 uss.
599 4383 702 4433 19-54.
737 4385 814 4433 Num
834 4385 927 4446 albata
1262 4382 1345 4440 amici,

377 4489 408 4496 —
418 4463 516 4512 iunctos
524 4468 550 4512 et
557 4469 642 4513 aarum
650 4465 750 4522 amicos,
765 4462 843 4526 deque
851 4462 926 4510 variis
968 4463 996 4515 si
1012 4464 1077 4527 quod
1095 4462 1126 4511 sit
1144 4461 1246 4522 vitium,
1258 4474 1309 4509 non
1320 4460 1441 4511 fastidire:
1453 4470 1514 4512 stra·

376 4540 530 4590 eruditorum
551 4542 680 4592 hominum
701 4543 727 4592 in
744 4543 926 4606 interpretando
1263 4541 1351 4590 bouem

376 4619 503 4669 sententiis
519 4622 638 4684 cogitavi:
658 4637 709 4688 quo
725 4624 798 4671 modo
815 4621 856 4671 isti
872 4636 926 4671 vcr-
967 4621 1085 4687 Appellat
1093 4623 1199 4672 Pactum
1207 4628 1288 4685 pater,
1300 4633 1324 4670 et
1332 4621 1441 4680 Ptdlum
1451 4622 1515 4671 malo

376 4714 419 4749 sus
430 4699 732 4761 intersesecohaererent‚
744 4702 925 4766 deprehendere
1261 4716 1351 4764 parvus
