3750 5759
810 694 993 759 LIBER
1041 695 1064 758 Ι.

413 881 576 967 Incipias,
600 884 713 965 parto,
739 880 826 965 quod
849 881 986 960 avebas3
1012 880 1176 946 nefarias
1201 882 1286 966 quod

415 983 608 1051 Ummidius
633 983 768 1068 quidam
792 1023 834 1031 —
859 1006 925 1049 non
949 985 1049 1070 longa
1072 988 1123 1050 est
1145 984 1258 1079 tabula
1280 1021 1326 1035 -
1348 985 1457 1068 dives,

415 1088 464 1154 Ut
487 1087 657 1152 metiretur
680 1109 850 1171 nummos,
875 1087 922 1153 ita
947 1087 1116 1172 sordidus,
1140 1093 1178 1154 ut
1199 1110 1233 1153 se

413 1192 489 1257 Non
510 1212 668 1277 umquam
693 1213 784 1257 servo
808 1191 926 1258 melius
951 1192 1102 1275 vestiret,
1127 1193 1296 1277 adusque

416 1296 613 1381 Supremam
634 1299 782 1380 tempus,
807 1317 849 1360 ne
873 1317 908 1360 se
930 1295 1069 1380 penuria
1093 1295 1200 1361 vietus

418 1398 641 1484 Opprimeret,
665 1399 842 1464 metuebat.
890 1398 938 1463 At
960 1399 1047 1464 hunc
1070 1398 1189 1463 liberta
1216 1398 1320 1464 securi

414 1500 539 1566 Divisit
561 1501 723 1584 medium,
752 1501 934 1567 fortissima
955 1501 1221 1586 Tyndaridarum.

414 1603 526 1687 „Quid
549 1605 595 1666 mi
618 1603 722 1688 igitur
745 1605 884 1670 suades?
907 1610 946 1670 ut
969 1604 1079 1669 vivam
1105 1603 1277 1686 Maenius,
1301 1608 1359 1668 aut
1383 1605 1446 1688 sic,
1531 1610 1533 1614 ’

367 1786 433 1828 sunt.
457 1780 544 1829 Verba
554 1780 616 1844 frui
632 1787 657 1829 et
674 1783 714 1830 ati
730 1781 756 1828 in
773 1781 820 1828 hac
836 1780 919 1829 refrc-
962 1783 1065 1844 quidum
1077 1782 1183 1830 additur.
1209 1781 1365 1842 Remmium,
1382 1782 1510 1832 verbaCi-

368 1865 528 1922 quentantur.
557 1859 645 1908 Horat.
658 1859 828 1909 0111111131.
855 1861 921 1908 Frui
962 1862 1057 1909 caronis
1068 1862 1143 1910 Tuse.
1155 1862 1226 1923 Disp.
1238 1860 1259 1909 I.
1271 1861 1311 1908 48.
1323 1862 1511 1920 sollicitantem,

366 1939 482 2000 puratis,
510 1937 553 1984 ubi
575 1939 696 2000 quaedam
713 1938 837 1986 annotavi.
863 1939 921 1987 Huc
962 1940 1053 2003 optimc
1075 1940 1193 1990 refirtavit
1210 1941 1311 1989 Ruhnk.
1329 1943 1360 1989 ad
1377 1940 1445 1990 Vell.
1463 1941 1511 1990 Pa·

368 2017 513 2079 praesertim
541 2016 600 2064 facit
627 2017 690 2066 illud
716 2017 797 2067 Curtii
822 2017 871 2065 IX.
896 2019 920 2066 2.
962 2020 1133 2068 11111154,
1168 2019 1256 2069 Cicero
1277 2020 1387 2083 scripsit:
1412 2022 1512 2070 Alcida-

370 2098 475 2145 Proeda
491 2098 571 2158 mepta
586 2102 665 2159 parta
675 2098 738 2160 frui
754 2098 828 2154 velle,
845 2113 921 2159 qaum
963 2113 1018 2146 oras
1038 2100 1155 2162 quidam,
1178 2101 1263 2146 rhetor
1283 2101 1416 2162 antiquas,
1432 2101 1512 2162 inpri-

369 2177 523 2238 acquirenda
533 2176 655 2239 snt-iperi.
689 2177 808 2225 Horatius
832 2179 872 2225 ati
894 2177 920 2223 in
963 2176 1259 2236 11111111111111;1Ῑ11111111;
1272 2178 1306 2225 In
1318 2179 1511 2241 1111111111οαὶ11-

369 2254 417 2302 hac
432 2255 486 2317 ipsa
502 2255 578 2302 satira
599 2256 692 2317 posuit:
716 2261 741 2304 et
762 2257 815 2304 illia
837 2258 922 2303 alitur
963 2257 1021 2302 dam
1032 2256 1512 2316 militavim‚rromineComeli,domo.

325 2356 328 2360 ⁴
370 2341 430 2384 onte
462 2336 593 2394 Quaesitis
615 2338 724 2397 rapiens,
746 2343 770 2383 11
789 2335 862 2385 Satir.
885 2335 920 2384 II.
964 2332 1015 2381 Ubi
1031 2335 1072 2382 vel
1094 2337 1192 2384 1111111111
1214 2337 1341 2394 adiicitur,
1364 2338 1394 2384 de
1416 2352 1465 2400 qua
1486 2354 1513 2387 re

370 2429 409 2463 111.
432 2414 488 2466 167.
510 2430 544 2462 arr
565 2430 694 2476 namnam
716 2420 790 2462 utare
809 2418 920 2476 paratis.
963 2413 1019 2461 vide
1045 2412 1157 2463 Oudend.
1184 2415 1215 2461 ad
1241 2416 1335 2479 Appul.
1362 2417 1467 2465 Metam.
1488 2434 1512 2481 p.

371 2493 542 2542 Accusativus
564 2500 618 2555 post
634 2494 697 2556 frmi
713 2494 772 2541 satis
789 2495 920 2542 1111111111-
966 2491 1019 2541 120.
1038 2497 1063 2540 11
1080 2493 1135 2541 456.
1172 2492 1211 2549 si,
1230 2509 1293 2557 quae
1309 2496 1375 2554 dixi,
1392 2511 1441 2544 non
1453 2498 1512 2546 satis

371 2574 497 2622 ctoritatis.
515 2589 540 2620 r.
558 2573 646 2621 Burm.
663 2573 690 2620 in
702 2573 807 2622 Anthol.
819 2575 849 2622 T.
862 2574 882 2622 1.
895 2590 922 2637 p,
963 2571 1088 2629 valerent,
1119 2571 1261 2621 Ummidius
1289 2577 1392 2637 quidum
1418 2575 1512 2638 signifi-

374 2653 429 2705 137.
463 2652 545 2701 Sonus
561 2653 602 2700 hic
619 2652 765 2715 requirebat.
963 2664 1019 2699 carc
1044 2652 1119 2699 simul
1144 2659 1225 2714 posset
1245 2653 1370 2701 hominem
1388 2661 1512 2704 contemta

404 2734 458 2782 Nec
477 2733 566 2794 socias
591 2734 657 2794 qaod
701 2735 843 2780 Urnruidias
868 2736 921 2795 qai·
962 2733 1077 2793 dianam,
1092 2737 1120 2777 ut
1130 2733 1239 2780 Locusta
1248 2734 1370 2795 quaedem
1379 2735 1444 2795 apud
1453 2734 1512 2784 Sue·

336 2815 341 2823 '
370 2813 437 2860 dem.
461 2811 627 2867 TotaoratIo,
645 2818 672 2859 ut
688 2811 921 2869 consetBentlcius,
962 2819 1012 2859 ton.
1030 2811 1120 2859 Neron.
1142 2810 1275 2860 XXXIII.
1300 2811 1351 2860 Ubi
1368 2812 1513 2862 Oudendor-

371 2888 480 2938 seabrior
502 2898 526 2938 11
547 2904 624 2952 paene
645 2890 730 2938 hiulca
752 2898 800 2938 est:
829 2893 921 2954 requiri
962 2891 1018 2953 pius
1030 2890 1188 2952 reprehendit
1199 2891 1372 2947 Torrentium,
1391 2893 1513 2953 quaedum

370 2970 437 3017 enim
455 2970 540 3027 „dives
557 2977 581 3018 et
597 2969 709 3017 sordidus
720 2971 763 3032 qui
774 2970 921 3029 metuebat,“
962 2969 1028 3018 male
1044 2970 1188 3018 elicientem.
1214 2971 1254 3019 De
1271 2970 1370 3016 nomine
1389 2971 1514 3019 Uasmidr'r

371 3056 414 3096 aut
436 3050 497 3112 „qai
517 3049 586 3097 dives
603 3056 628 3098 11
644 3049 757 3097 sordidus
774 3049 921 3097 metuebat.“
963 3048 1167 3097 Hemsterhusius
1179 3047 1320 3095 annotarit:
1333 3046 1393 3105 „Sic
1404 3061 1447 3109 pro
1459 3049 1512 3095 Nu·

371 3129 440 3178 Illud
461 3129 575 3178 scabrum
596 3137 621 3178 ct
642 3129 754 3178 hiulcum
775 3129 823 3186 sie,
850 3137 921 3190 puto,
964 3129 1063 3175 erilium
1085 3127 1125 3174 vel
1145 3129 1296 3176 Numidiam
1314 3126 1470 3187 Quadratum
1487 3127 1513 3173 in

371 3209 426 3258 tolli
442 3215 533 3272 potest:
551 3211 586 3258 ad
601 3224 678 3271 usque
696 3211 846 3272 Supremam
864 3214 922 3257 terr·
963 3205 1034 3255 Aelii
1052 3205 1177 3270 Spartiani
1189 3206 1298 3255 Adrion.
1310 3207 1347 3255 15.
1358 3206 1427 3254 codd.
1444 3207 1512 3254 Uari-

370 3305 433 3352 pas,
450 3306 482 3339 rre
497 3291 642 3353 repertorio
651 3291 734 3339 victua
753 3290 922 3351 opprimeret,
964 3287 1046 3346 diam,
1063 3287 1128 3348 quod
1145 3285 1231 3348 probat
1249 3285 1400 3343 Salmasius,
1418 3285 1460 3332 sed
1477 3297 1513 3332 rc-

371 3375 495 3419 metaens:
520 3376 562 3418 ost
585 3371 650 3418 barre
667 3370 758 3417 liberta
774 3369 857 3415 aerari
877 3369 922 3414 Dr·-
963 3365 1057 3411 nitente
1078 3378 1128 3411 non
1153 3369 1250 3412 tantum
1274 3364 1400 3419 Boiocalo,
1426 3377 1513 3410 verum

371 3451 432 3499 risit
448 3451 563 3498 mediam.
597 3448 739 3497 Ummidius
756 3447 871 3510 quidam,
888 3447 923 3494 ita
964 3442 1038 3490 etiam
1056 3443 1087 3490 Τ.
1104 3442 1189 3505 Rykio
1207 3444 1238 3490 ad
1249 3443 1331 3492 Taciti
1343 3441 1438 3492 Annal.
1450 3441 1512 3489 XII.

320 3535 327 3545 ⁴
371 3529 454 3586 dives,
470 3536 498 3577 111
514 3541 628 3576 nummos
644 3527 785 3583 metiretur,
802 3526 922 3574 itasordi-
964 3520 1003 3569 65.
1036 3521 1103 3570 Vide
1119 3520 1215 3583 Ioseph.
1232 3521 1267 3570 A.
1284 3520 1305 3569 I.
1323 3522 1383 3570 XX.
1400 3521 1440 3568 6.“

372 3609 433 3666 dus,
455 3615 483 3657 ut
499 3623 526 3657 se
542 3622 592 3656 noa
608 3607 701 3655 melius
719 3621 791 3654 servo
807 3607 921 3664 vestiret,
999 3601 1036 3648 Ar
1053 3602 1119 3651 barre
1135 3602 1226 3650 liberta
1242 3603 1325 3650 securi
1349 3600 1449 3648 Diuisit
1466 3613 1514 3647 me·

372 3701 469 3752 semper
493 3696 605 3737 metuens
626 3701 658 3735 ae
679 3701 706 3735 se
722 3686 827 3749 penuria
843 3685 922 3734 rietus
965 3681 1198 3743 diam,f0rtissima
1210 3681 1428 3744 Tyndaridarum.
1444 3679 1515 3737 Qar'd

371 3767 528 3831 opprimeret.
561 3766 689 3816 Bentleiua
711 3773 837 3829 praeterea
858 3765 922 3813 illud
965 3761 1001 3807 mi
1016 3761 1097 3822 1911111
1112 3760 1222 3810 suades?
1247 3759 1452 3809 Hsmstcrhusius
1471 3773 1513 3806 an-

373 3848 477 3909 quidam
492 3861 542 3895 non
563 3846 662 3903 laudat,
684 3846 743 3909 quia
766 3845 922 3894 Ummidium
964 3839 1072 3889 notavit:
1109 3841 1270 3900 „Notandum
1304 3839 1330 3887 in
1364 3837 1514 3888 Callimachi

373 3925 414 3974 vel
430 3927 532 3975 divitiae
549 3925 589 3975 vel
607 3925 711 3974 avaritia
721 3924 841 3973 celebrem
852 3932 877 3972 11
888 3923 922 3972 fa·
965 3933 1051 3978 versu,
1074 3936 1147 3984 quem
1164 3921 1265 3985 profert.
1283 3918 1366 3969 Schol.
1385 3915 1514 3980 Sophoclis

373 4019 470 4054 mosum
486 4007 651 4055 reddiderant.
684 4005 750 4053 Mihi
766 4006 869 4067 quidum
885 4020 923 4053 sa·
966 3998 1051 4062 Oedip.
1065 3999 1152 4049 Gelon.
1167 4001 1223 4051 481.
1240 3997 1386 4061 Ἡσυχίόαι,
1400 3996 1513 4060 quamvis

374 4086 406 4134 tis
416 4085 505 4148 placet.
527 4086 622 4134 Narrat
633 4082 923 4142 fabulamPabularum,
965 4078 1092 4130 Bentlcius
1109 4081 1222 4130 emendet
1233 4078 1370 4141 Ἠσυχίδες.
1392 4075 1458 4124 Vide
1467 4074 1513 4122 fra-

373 4179 424 4213 uon
442 4164 558 4212 fictarum
575 4175 684 4226 quoque,
707 4161 771 4209 illud
792 4162 923 4225 antiquum
966 4165 1067 4222 gmenta
1089 4158 1190 4208 Gallim.
1212 4160 1259 4208 No.
1285 4159 1338 4208 123.
1373 4155 1460 4206 Heius.
1483 4154 1515 4201 ad

373 4250 412 4293 est
427 4244 539 4293 initium:
557 4247 613 4292 erat
626 4242 728 4304 quidam
739 4243 807 4290 diues
817 4256 923 4297 avaras,
966 4238 1039 4289 Ovid.
1056 4239 1158 4287 Heroid.
1181 4238 1256 4287 XIII.
1281 4238 1336 4289 137.
1353 4233 1465 4297 Bergler.
1483 4233 1514 4280 ad

373 4329 431 4372 erar
446 4325 550 4387 quidum
571 4322 729 4378 Ummidius,
746 4320 923 4368 divesavarus.
966 4317 1113 4380 Alciphron.
1137 4319 1158 4366 I.
1184 4318 1231 4380 Ep.
1254 4320 1277 4366 2.
1315 4315 1514 4377 Cecropiduram

375 4403 455 4459 Tum,
476 4403 520 4466 q'ui
540 4401 613 4450 alteri
634 4406 780 4448 narraturus
802 4405 839 4447 est
856 4399 923 4446 fabu-
966 4398 1085 4446 Martian.
1111 4396 1215 4460 Capella
1239 4413 1262 4460 p.
1292 4397 1345 4447 135.
1386 4394 1456 4444 Serv.
1482 4393 1514 4440 ad

374 4480 439 4536 lam,
460 4495 511 4529 non
531 4486 604 4544 putat
624 4493 676 4528 rem
694 4486 719 4527 et
741 4479 866 4527 hominem
887 4479 924 4528 illi
967 4478 1030 4527 Aen.
1057 4477 1090 4524 X.
1114 4478 1137 4524 4.
1172 4477 1266 4526 Statius
1289 4475 1370 4524 Theb.
1389 4473 1438 4522 IX.
1455 4472 1513 4521 650.

375 4573 427 4608 csse
444 4567 522 4608 notos.
557 4558 639 4620 Quid?
661 4559 726 4622 quod
747 4558 787 4606 vel
809 4559 836 4607 in
856 4559 924 4606 nobi·
967 4556 1127 4606 etGronov.“
1146 4555 1173 4604 Si
1188 4555 1272 4603 omnia
1285 4555 1332 4603 ista
1346 4552 1514 4602 considerave-

375 4638 477 4687 lissimis
493 4637 646 4695 hominibus,
657 4639 679 4685 si
690 4644 733 4685 aut
745 4637 805 4696 sibi,
818 4645 861 4686 aut
872 4638 925 4701 qui·
969 4638 1016 4695 ris,
1033 4635 1155 4685 addideris
1172 4649 1270 4698 quoque
1286 4634 1351 4682 dicta
1360 4633 1390 4681 ab
1400 4631 1513 4682 Oudend.

375 4717 420 4766 bus
437 4717 560 4774 scribunt,
578 4716 681 4766 fortasse
697 4718 779 4765 minus
791 4717 843 4766 noti
854 4724 925 4775 sunt,
969 4717 1000 4764 ad
1022 4714 1179 4764 Frontinum.
1197 4730 1219 4776 p.
1241 4713 1293 4764 181.
1318 4720 1342 4762 11
1366 4712 1464 4762 Caesar.
1484 4711 1513 4760 B.
