3750 5759
421 680 462 740 78
819 672 1164 737 sarrientem

468 867 556 952 Ergo
581 888 644 930 non
671 865 752 928 satis
777 871 842 947 est,
867 864 935 928 risu
960 863 1110 928 diducere
1134 863 1253 928 rictum

465 969 651 1045 Auditoris3
668 1006 713 1017 -
730 973 763 1032 et
786 977 836 1032 est
859 968 1149 1052 quaedamutamen
1166 966 1219 1031 hic
1235 988 1364 1052 quoque
1385 965 1508 1031 virtus:
1522 1002 1570 1014 —-

473 1074 536 1138 Est
557 1072 719 1137 brevitate
742 1093 840 1157 opus,
864 1077 903 1135 ut
927 1079 1035 1135 currat
1059 1070 1222 1135 sententia
1244 1092 1309 1134 neu
1333 1092 1366 1135 se

471 1176 635 1261 Impediat
658 1175 765 1241 verbis
790 1175 894 1239 lassas
921 1175 1132 1239 onerantibus
1156 1196 1266 1252 aures;

470 1280 516 1345 nt
540 1301 687 1344 sermone
711 1301 792 1364 opus
817 1285 867 1343 est
890 1279 988 1342 modo
1012 1278 1115 1359 tristi,
1142 1299 1237 1362 saepe
1260 1276 1387 1359 iocoso,

469 1384 674 1448 Defendente
700 1383 806 1448 vicem
829 1382 927 1447 modo
951 1382 1089 1446 rhetoris
1114 1387 1212 1466 atque
1234 1387 1368 1467 poetae,

467 1488 637 1552 Interdum
661 1487 793 1568 urbani,
819 1486 982 1570 parcentis
1006 1485 1146 1563 viribus,
1172 1490 1270 1570 atque

467 1590 687 1656 Extenuantis
712 1613 766 1654 eas
792 1590 951 1671 consulto.
1000 1589 1190 1653 Ridiculum
1215 1588 1280 1652 acri

467 1694 599 1758 Fortius
624 1698 657 1758 et
679 1693 798 1758 melius
823 1715 960 1776 magnas
984 1693 1176 1778 plerumque
1200 1697 1288 1756 secat
1311 1713 1370 1755 res.

467 1798 542 1879 llli,
568 1796 690 1881 scripta
713 1796 832 1881 quibus
856 1796 1025 1860 comoedia
1047 1795 1155 1880 prisea
1177 1795 1256 1860 viris
1281 1800 1349 1877 est,

467 1901 538 1964 Hoc
562 1899 709 1980 stabant,
734 1898 795 1962 hoc
820 1904 899 1962 sunt
921 1898 1094 1976 imitandi3
1119 1920 1201 1983 quos
1227 1920 1331 1983 neque
1353 1897 1494 1983 pulcher

465 2003 688 2086 Hermogenes
707 2023 869 2086 umquam
892 2001 994 2086 legit,
1021 2023 1125 2086 neque
1150 2001 1265 2066 simius
1290 2002 1371 2084 iste,

466 2107 524 2171 Nil
539 2112 670 2191 praeter
695 2106 834 2172 Calvum
858 2114 890 2170 et
914 2107 1029 2170 doctus
1054 2113 1185 2170 eantare
1210 2105 1387 2171 Catullum.

467 2212 537 2293 „At
559 2232 718 2294 magnum
741 2209 835 2280 fecit,
861 2211 948 2294 quod
971 2210 1078 2274 verbis
1104 2211 1228 2276 Graeca
1251 2208 1380 2274 Latinis

466 2313 638 2378 Miscuit.“
676 2312 704 2378 Ο
729 2314 791 2378 seri
816 2314 1018 2378 studiorum!
1044 2314 1142 2399 quine
1165 2314 1291 2399 putatis

468 2417 610 2482 Difficile
633 2423 666 2481 et
688 2418 825 2500 mirum,
849 2418 978 2482 Rhodio
1002 2419 1090 2503 quod
1114 2417 1318 2483 Pitholeonti

419 2620 473 2661 tum
495 2625 561 2672 puer
585 2618 622 2661 est
647 2614 707 2661 torta
731 2619 757 2661 et
773 2612 885 2675 fartibus
906 2614 965 2660 adia
1008 2614 1081 2660 minis
1099 2617 1150 2676 qai,
1168 2614 1232 2661 idem
1251 2614 1300 2662 fere
1318 2622 1468 2679 etquenam
1486 2618 1568 2680 signi-

419 2694 566 2748 Exorata,
596 2697 625 2740 ιιι
650 2698 709 2740 esset
734 2708 804 2755 opem
828 2696 872 2755 qai
890 2692 966 2754 ferre
1007 2692 1116 2751 ficantis,
1138 2694 1198 2741 satis
1215 2709 1338 2757 superque
1356 2695 1493 2746 constabat.
1529 2699 1568 2746 Et

414 2774 497 2835 pettit
523 2775 645 2834 Antiqais
660 2778 742 2834 posset
758 2773 966 2834 coatrafaatr'dr'a
1007 2772 1032 2818 in
1051 2773 1168 2821 Terentio
1185 2780 1250 2821 reete
1267 2774 1318 2836 ipse
1339 2774 1423 2823 Bentl.
1440 2777 1567 2837 praetulit

416 2859 516 2910 nostra,
534 2877 565 2887 -
590 2853 836 2910 Grammaticorum,
854 2854 965 2913 equiturn
1004 2855 1179 2915 postputarit,
1196 2854 1255 2916 quia
1272 2855 1383 2916 sequitur
1400 2860 1425 2902 et
1443 2861 1566 2905 transta-

417 2932 589 2989 mereatum,-
608 2931 836 2992 grammaticorum,
854 2931 965 2991 equitum
1007 2932 1045 2979 lii.
1081 2930 1223 2980 Difficultas
1250 2934 1357 2981 vertitur
1382 2949 1432 2982 non
1458 2934 1486 2981 in
1511 2937 1566 2983 aeri

417 3009 583 3065 doctissimus,
601 3023 646 3071 pro
662 3016 687 3059 et
703 3012 822 3071 equitum.
1007 3013 1051 3072 qui
1061 3013 1171 3072 potera,
1182 3012 1225 3059 sed
1237 3012 1263 3059 in
1272 3015 1347 3075 quiae
1353 3015 1457 3073 putetis.
1475 3013 1564 3062 Bentl.

451 3090 562 3136 Polcter
575 3089 749 3149 Heroropenea.
768 3085 964 3135 commentator:
1006 3097 1078 3153 putat
1095 3107 1125 3139 ιιι
1142 3099 1185 3140 aut
1203 3092 1333 3155 παρέλκοι
1344 3108 1405 3151 esse,
1423 3101 1474 3151 aut,
1493 3097 1564 3158 quod

416 3168 567 3226 ,‚Ironicts.“
584 3166 674 3215 Voluit
685 3168 812 3225 nimirum,
824 3173 852 3213 ut
859 3168 965 3228 pulchro
1007 3170 1029 3216 ei
1046 3170 1127 3232 potins
1142 3172 1249 3231 videtur,
1264 3175 1482 3235 interroqotr'orrrra
1494 3182 1564 3223 certe

419 3248 530 3303 Critiae,
548 3254 572 3295 et
589 3255 617 3294 nt
634 3246 734 3305 Graeci,
753 3248 965 3312 rahtrlutuntur.
1007 3263 1056 3296 non
1073 3251 1281 3309 confirmativum,
1299 3260 1327 3300 ut
1343 3252 1474 3301 Prisciano
1491 3253 1562 3301 vide·

417 3328 457 3376 De
481 3328 640 3388 Hermogene
660 3326 767 3389 speciem
788 3327 891 3388 pulchri
906 3326 964 3373 ridi·
1007 3328 1086 3377 batur.
1121 3330 1191 3378 Illud
1213 3330 1341 3396 παρέλκοι
1366 3332 1473 3391 nemini,
1490 3340 1562 3396 puto,

416 3409 472 3458 eule
489 3408 630 3465 affectante,
653 3423 702 3456 non
719 3408 879 3470 cogitandum
895 3415 963 3469 puto.
1006 3409 1124 3471 placebit;
1151 3417 1179 3458 ut
1206 3424 1287 3472 neque
1312 3410 1425 3460 Bentleio
1453 3412 1561 3475 placuit,

453 3492 475 3538 0
497 3493 547 3539 sert
571 3493 730 3539 studiorum!
764 3490 848 3546 Qairre
867 3491 965 3549 putetis
1007 3504 1079 3550 quem
1101 3491 1162 3538 adeo
1189 3490 1324 3538 Ruhnken.
1347 3491 1378 3538 ad
1403 3490 1419 3538 l.
1445 3491 1561 3541 Terentii

417 3572 533 3634 Difficile
549 3577 574 3618 et
595 3572 695 3618 rutrum.
732 3567 792 3616 Alia
817 3566 894 3616 MSS.
921 3567 964 3614 ha·

415 3653 473 3700 bent
494 3653 601 3714 putatia.
635 3648 763 3698 Bentleius
789 3647 897 3695 defendit
915 3663 964 3709 pa·

415 3735 488 3789 retia,
510 3731 565 3779 loeo
582 3730 682 3792 gemino
697 3727 772 3789 plane
788 3732 813 3773 et
831 3741 963 3788 germano,

416 3817 444 3858 nt
464 3811 536 3866 dicit,
563 3808 674 3858 Terentii
698 3805 808 3867 Adelph.
829 3806 923 3854 11.111.
941 3807 964 3854 9.

420 3890 492 3948 Quid
507 3888 563 3936 eit?
587 3888 656 3936 illius
684 3901 768 3947 opera,
795 3887 872 3947 Syre,
898 3901 965 3934 nanc

416 3969 485 4017 vieo:
497 3967 621 4030 festivum
644 3970 734 4027 caput,
776 3965 859 4022 Quirre
879 3967 964 4012 omnia

415 4051 465 4098 eibi
478 4048 638 4109 postpatorr't
654 4060 706 4093 ease
721 4059 784 4106 prae
800 4059 851 4092 meo
862 4059 964 4092 eommo-

416 4129 467 4178 do?
489 4135 513 4177 et
529 4125 613 4176 Ovidii
630 4125 697 4183 loeo,
715 4139 788 4187 quem
806 4125 964 4186 germanissi-

416 4225 486 4257 mum
511 4205 632 4270 appellat,
653 4205 715 4252 Fast
731 4204 765 4252 ΙΙ.
786 4205 825 4252 45.
848 4207 905 4252 At!
922 4207 961 4252 rri-

415 4290 493 4336 rra'am
503 4287 607 4350 faciles,
624 4286 668 4347 qai
684 4285 773 4332 tristia
786 4285 894 4332 crimino
910 4299 963 4333 eue-

415 4368 455 4415 dis
473 4368 606 4415 Flumineo
623 4365 680 4413 tolli
694 4378 767 4425 poste
777 4365 874 4426 putetis
887 4380 962 4426 aqua.

415 4447 491 4496 Haud
507 4461 595 4509 operae
610 4445 718 4508 pretium
729 4450 782 4492 erat
799 4446 909 4506 lepidam
922 4460 962 4493 co-

412 4532 471 4587 pta‘,
485 4527 528 4587 qui
542 4526 713 4586 postputarit,
724 4523 848 4582 etfacilea
864 4525 962 4587 quipu-

416 4606 475 4653 reta
491 4603 586 4660 afferre,
598 4603 629 4650 ad
639 4601 836 4650 confirmandum
847 4604 897 4651 aeri
908 4608 962 4650 sta·

1007 3584 1055 3616 non
1072 3569 1174 3617 laudare
1190 3569 1300 3626 debebat,
1317 3577 1444 3633 tamquam
1462 3572 1560 3620 docuis-

1006 3654 1042 3695 set
1059 3665 1089 3696 ne
1107 3649 1187 3697 videri
1204 3649 1337 3698 abundare.
1366 3650 1450 3707 Quina
1461 3665 1560 3714 semper

1006 3735 1043 3776 est
1060 3728 1278 3791 interrogativum,
1294 3735 1318 3777 et
1334 3730 1435 3792 signum
1452 3731 1557 3780 interro-

1007 3808 1120 3870 gationis,
1137 3809 1280 3871 saepissime
1297 3810 1323 3857 in
1331 3811 1430 3859 Latinis
1442 3819 1468 3860 et
1479 3811 1558 3862 Grae·

1006 3890 1040 3937 cis
1066 3891 1212 3953 scriptorum
1235 3892 1381 3940 editionibus
1402 3893 1556 3954 neglectum,

1006 3970 1097 4032 ubique
1113 3971 1293 4033 apponendum.
1311 3972 1343 4020 In
1361 3972 1557 4036 interrogatione

1005 4054 1063 4095 sunt
1075 4049 1138 4096 varii
1151 4048 1261 4107 affectus,
1273 4051 1418 4112 praesertim
1430 4053 1557 4101 admiran-

1005 4127 1068 4175 tium
1090 4135 1114 4175 et
1131 4128 1322 4189 indignantium.
1356 4130 1388 4177 In
1410 4130 1503 4179 Plauto
1520 4133 1557 4180 in·

1005 4207 1090 4254 venias
1116 4207 1194 4254 multa
1219 4208 1345 4270 exempla:
1371 4209 1501 4272 Amphitr.
1519 4211 1556 4260 Π.

1005 4299 1033 4332 11.
1051 4286 1090 4334 60.
1116 4288 1265 4349 Paullisper
1286 4304 1359 4336 nicae
1391 4291 1464 4338 Dum
1485 4293 1557 4340 edor-

1005 4367 1182 4414 vitreitatem
1193 4381 1315 4415 ronanam.
1338 4369 1481 4430 Respondet
1491 4369 1558 4419 Am·

1005 4443 1115 4504 phitruo:
1137 4446 1240 4502 Quaene
1247 4448 1353 4508 pipilant
1364 4451 1491 4497 somniat?
1507 4449 1557 4500 Ca-

1005 4521 1059 4570 tull.
1076 4523 1186 4585 Epithal.
1203 4525 1233 4573 P.
1251 4532 1275 4573 et
1292 4526 1340 4575 Th.
1360 4527 1414 4576 182.
1436 4529 1557 4592 Coniupia

1004 4618 1038 4649 an
1047 4603 1103 4664 fido
1120 4608 1229 4654 consoler
1246 4612 1334 4656 arenzot
1344 4609 1449 4658 amore?
1469 4612 1556 4670 Qalae

414 4683 699 4746 utramquepartem.
733 4681 801 4729 Usus
819 4682 864 4730 iste
874 4697 962 4745 prono·
998 4680 1072 4742 sapit
1094 4683 1170 4732 lentos
1187 4686 1322 4734 incurvans
1343 4690 1443 4750 qurpite
1458 4695 1556 4741 remos?
