3750 5759
804 658 986 724 LIBER
1033 662 1056 726 l.

398 837 487 918 Quae
511 860 616 924 neque
639 840 673 904 in
697 842 776 907 aede
800 853 919 909 sonent
943 847 1124 930 certantia,
1150 848 1257 913 iudice
1280 849 1399 932 Tarpa,

395 941 464 1007 Nee
486 943 621 1009 redeant
643 944 764 1010 iterum
787 954 885 1034 atque
909 949 1028 1016 iterum
1052 952 1230 1038 spectanda
1253 952 1398 1018 theatris.

394 1047 524 1134 Arguta
546 1049 714 1115 meretrice
737 1056 830 1135 potes
855 1052 1012 1139 Davoque
1037 1054 1210 1122 Chremeta

348 1186 456 1250 Dilegds
472 1188 590 1237 ait:nam
607 1190 667 1238 dum
683 1191 798 1240 describit
814 1206 898 1255 quem·
941 1195 1058 1244 diendum
1082 1198 1110 1245 in
1131 1211 1236 1258 aeqrcum
1261 1197 1341 1245 heare
1363 1208 1411 1242 nors
1428 1198 1489 1240 eant

348 1268 483 1317 admodum
504 1268 641 1333 iuguletur,
662 1270 771 1334 intelligi
791 1272 846 1320 vult
867 1272 898 1320 ab
940 1276 1000 1322 ausi
1016 1277 1173 1335 descendere,
1189 1281 1291 1338 praeter
1303 1289 1380 1322 unum
1399 1271 1486 1320 Autis-

347 1347 403 1410 ipso
413 1348 637 1412 petiusiugulari.“
662 1350 812 1400 Huiusmodi
822 1351 897 1402 Sche·
941 1354 1005 1402 iiam
1025 1355 1190 1418 Turpionem,
1214 1356 1258 1418 qui
1275 1354 1361 1416 fidens
1377 1353 1488 1405 eiribos,

348 1425 384 1474 lia
400 1441 445 1476 nos
461 1428 555 1477 iaciunt
576 1429 731 1490 incertiores,
753 1445 830 1494 quam
851 1431 897 1479 fui·
939 1447 972 1480 ee
981 1433 1134 1483 adversariis
1143 1436 1190 1484 sibi
1198 1450 1285 1498 parem
1294 1448 1345 1482 esse
1356 1431 1485 1485 nerninem,

347 1520 412 1556 mus.
451 1509 609 1559 Recentieres
629 1511 733 1560 ulterius
759 1513 896 1575 progressi,
939 1513 1038 1573 optime
1054 1515 1140 1577 coepit.
1178 1516 1242 1575 Hic,
1259 1510 1484 1576 atsertarrlchii·

347 1585 389 1634 vel
413 1587 480 1650 Epoe
507 1591 681 1652 Aethiopidem
708 1591 896 1653 excogitarunt,
938 1593 971 1639 lie
985 1592 1346 1656 Merrrmnequeconqresua
1359 1592 1393 1649 Q.
1412 1591 1485 1637 Pom·

347 1665 389 1715 vel
405 1667 571 1730 Tragoediam
590 1667 754 1720 Memnonem.
788 1670 896 1720 Difficile
935 1672 1009 1733 peius
1026 1672 1198 1735 Nicer,eqaes
1216 1673 1346 1720 Roneonas
1363 1670 1484 1717 Italicen-

347 1754 385 1795 est
408 1747 435 1795 in
456 1747 532 1797 tantis
555 1748 662 1798 tenebris
687 1750 798 1813 aliquam
814 1749 894 1799 lucem
936 1751 981 1806 sie,
1003 1766 1034 1799 ea
1051 1752 1105 1800 acie
1120 1756 1209 1800 nostra
1229 1751 1264 1798 ad
1279 1749 1483 1812 congrediendum

345 1825 471 1889 dispicere.
504 1822 680 1877 Intercatiam
696 1830 795 1892 inquiat
813 1829 894 1879 Mem·
934 1843 1081 1892 propresrus
1100 1837 1143 1880 est.
1170 1829 1197 1880 Si
1213 1827 1484 1878 Furiusnoninstituit

346 1920 412 1954 nona
429 1913 454 1955 et
471 1908 531 1956 dam
545 1908 649 1972 definpit
662 1911 780 1958 Rhenum
791 1924 831 1958 me
840 1910 893 1973 qui·
935 1909 1144 1971 comparationem
1162 1909 1281 1960 Germani
1296 1907 1380 1957 militis
1397 1913 1421 1955 et
1431 1907 1482 1955 Ro·

345 1984 404 2033 dem
420 1987 451 2034 ad
467 2001 546 2034 unum
562 1987 677 2052 idemque
693 1990 761 2052 Epos
778 1990 809 2038 de
821 1989 894 2038 Bello
935 1988 1003 2036 mani
1018 2003 1075 2037 cum
1093 1991 1227 2039 Memnone
1249 1996 1274 2038 et
1294 1987 1405 2045 Achille,
1423 1986 1484 2036 Ger·

347 2062 446 2114 Gallice
461 2067 562 2116 ducunt.
588 2066 688 2118 Certius
705 2068 831 2132 aliquante
847 2069 894 2118 hoc
934 2082 1037 2116 manum
1065 2068 1195 2118 nominare
1229 2069 1308 2132 potuit
1342 2066 1482 2125 Menmcrea,

345 2157 362 2190 a
377 2143 455 2193 Furio
471 2147 591 2210 seriptum
603 2154 707 2207 constat,
718 2164 795 2212 quam
812 2149 892 2198 Mem·
934 2147 1001 2208 quod
1017 2147 1098 2210 ipsum
1115 2150 1146 2196 ad
1164 2148 1264 2212 aliquod
1279 2162 1370 2197 nemen
1380 2146 1483 2197 Germa·

346 2237 414 2272 nona
435 2225 477 2274 rel
492 2227 678 2290 Aethiopidem.
707 2228 825 2277 Fortasse
840 2228 893 2277 Ho-
935 2240 996 2274 num
1021 2241 1081 2276 sone
1097 2228 1197 2277 accedit.
1231 2228 1314 2285 Mars,
1332 2242 1400 2283 meir,
1418 2227 1485 2284 nain,

344 2302 424 2353 ratius
440 2307 546 2354 eundem
566 2307 674 2356 Furiam
691 2308 802 2370 respexit
818 2307 892 2358 Satir.
934 2309 961 2356 in
977 2307 1062 2357 multis
1080 2307 1189 2371 antiquis
1206 2307 1298 2371 linguis
1314 2305 1484 2367 airamsigni·

344 2381 381 2431 11.
398 2396 416 2431 1.
435 2385 472 2434 13.
489 2400 566 2449 aeque
581 2389 648 2438 enim
666 2390 747 2451 quiere
764 2390 893 2439 horrentia
934 2385 1001 2434 ficat.
1018 2385 1101 2448 Quam
1112 2387 1162 2436 late
1178 2393 1262 2450 pateat
1278 2387 1305 2435 in
1321 2386 1408 2448 lingua
1422 2385 1484 2435 Ger·
1544 2446 1547 2451 1

341 2463 406 2525 pilia
438 2466 557 2527 demina,
581 2482 626 2516 nec
642 2467 737 2530 fracta
760 2475 893 2531 pereuntes
934 2480 1079 2525 manorum,
1102 2468 1146 2531 qui
1163 2475 1188 2516 et
1205 2467 1331 2515 Mannum
1347 2465 1411 2515 inter
1427 2479 1484 2513 ceu·

343 2543 581 2604 aepiaoatar-
589 2547 892 2610 decaibatquasidixis-
934 2547 1025 2596 ditores
1058 2562 1118 2596 suae
1148 2548 1228 2611 gentis
1252 2546 1387 2604 celebrant,
1410 2559 1483 2593 nemo

343 2623 586 2685 setzdipirmscerte
594 2625 726 2687 poitanon
734 2626 893 2676 bencdescri-
935 2625 1041 2688 ignorat.
1083 2627 1151 2676 Hinc
1180 2625 1292 2683 blerano,
1322 2625 1416 2674 Merene
1458 2633 1483 2674 et

343 2700 394 2762 bit3
419 2709 460 2759 et,
480 2704 585 2752 eihand
606 2704 693 2754 melius
710 2721 824 2769 possum,
841 2721 892 2756 non
933 2707 1014 2755 multa
1029 2708 1055 2754 in
1072 2706 1211 2770 compositis
1229 2706 1359 2754 hominum
1376 2712 1402 2753 et
1419 2705 1482 2753 loco-

342 2781 425 2830 facere
440 2791 556 2846 praestat.
590 2784 710 2833 Horatius
732 2786 806 2834 istam
829 2785 892 2836 Sati·
934 2801 991 2835 rum
1007 2786 1157 2836 nominibus.

342 2875 398 2910 ram
415 2863 483 2911 misit
498 2863 628 2913 Trebatio:
645 2864 778 2915 Trebatius
793 2867 839 2916 suit
852 2881 891 2917 co·
967 2871 1070 2929 deputo
1086 2868 1215 2916 meretrice
1234 2870 1314 2927 potes.
1346 2863 1481 2913 Horkelius

342 2955 396 2990 mes
422 2941 536 2992 Caesaris
561 2943 588 2991 in
612 2943 676 2993 bello
700 2944 806 2995 Gallico.
841 2947 891 2995 Ne·
933 2945 1016 2994 locum
1033 2947 1068 2995 ita
1084 2947 1362 3007 emendandumputst:
1382 2944 1482 3005 Arputc

342 3034 393 3084 que
408 3019 463 3081 illi,
488 3024 574 3080 crede,
600 3023 712 3088 placebat
734 3026 803 3088 Epos
819 3027 892 3075 Furii
933 3029 1064 3076 oenotrios
1085 3028 1172 3088 places
1196 3026 1319 3086 Davoque
1348 3022 1483 3071 Chremeta

342 3100 552 3166 Bibaculi,neque
560 3102 662 3153 Caesari
670 3104 796 3167 Augusto,
804 3120 890 3168 quam·
935 3106 1063 3154 Eladeute
1086 3120 1181 3163 senem,
1206 3104 1280 3152 cereris
1303 3103 1416 3165 garrire,
1438 3117 1481 3164 po·

341 3193 419 3243 quam
435 3180 539 3230 fortasse
553 3182 633 3231 multa
643 3185 674 3232 de
684 3183 798 3234 laudibus
810 3193 892 3235 essent
931 3187 998 3247 pelio
1036 3188 1107 3234 Unus
1123 3181 1480 3240 sirmam,1‹'aredani,Neu

342 3259 472 3316 immixta,
498 3276 560 3324 quas
585 3262 626 3311 hie
650 3279 749 3328 quoque
773 3266 800 3314 in
816 3266 890 3316 rebus
933 3265 1014 3328 magis
1029 3265 1117 3313 laudat
1134 3265 1236 3326 parrire
1252 3263 1356 3320 libellos,
1373 3263 1480 3325 quamsi

343 3337 447 3388 Gallicis
463 3342 553 3389 mereri
570 3342 698 3392 diceretur.
733 3345 826 3393 Furius
845 3346 890 3408 igi·
933 3344 989 3406 quis
1015 3345 1106 3393 diceret
1122 3342 1261 3405 Virgilium
1285 3356 1336 3390 nen
1353 3357 1426 3390 arnna
1444 3344 1479 3390 vi-

342 3427 385 3467 tur
399 3419 426 3467 in
442 3421 528 3469 eedem
544 3422 652 3471 carmine
669 3423 793 3486 iugulavit
810 3425 890 3472 Mem·
931 3439 1037 3486 rapique
1053 3425 1183 3483 cecinisse,
1205 3423 1248 3470 sed
1274 3423 1347 3470 libros
1364 3423 1479 3470 cecierhse

341 3513 411 3548 nona
433 3508 458 3549 et
475 3502 558 3551 Rheni
574 3511 650 3566 caput
665 3503 760 3552 luteum
777 3503 889 3553 defluxit.
930 3504 962 3551 de
977 3503 1074 3552 Aenea.

375 3579 455 3628 Iulius
472 3580 565 3631 Caesar
589 3583 669 3631 multa
685 3582 780 3646 proelia
804 3590 890 3631 contra
964 3582 1029 3631 Mihi
1057 3581 1084 3630 iu
1108 3586 1218 3629 mentem
1235 3579 1315 3627 venit:
1332 3585 1425 3642 orphea
1449 3582 1478 3628 iri

341 3657 479 3709 Germanos
489 3663 618 3725 pugnavit.
635 3664 668 3712 In
678 3678 728 3712 nno
740 3663 889 3722 Germanus,
930 3664 1060 3712 onerariae
1082 3666 1153 3723 potes
1187 3661 1309 3722 Davoque
1344 3658 1478 3709 Chremeta

341 3740 409 3803 quod
424 3742 498 3803 potita
518 3741 599 3799 finxit,
616 3750 805 3806 quemquamst
820 3742 889 3793 facile
930 3742 1060 3791 Eiuderrte
1084 3756 1165 3791 senem
1190 3741 1253 3790 corni
1268 3741 1370 3802 garrire
1383 3741 1478 3788 labello.

340 3818 396 3868 fleri
418 3820 537 3883 potuerit,
553 3828 582 3870 ut
606 3822 694 3871 multis
712 3823 832 3886 exemplis
848 3825 889 3872 de
931 3823 967 3870 In
984 3822 1113 3871 orereiriee
1128 3826 1153 3870 et
1170 3822 1262 3879 Dooo,
1284 3820 1311 3868 in
1327 3833 1432 3883 persona
1449 3818 1477 3867 il-

339 3913 433 3959 cemur,
450 3900 591 3951 Germanus
607 3901 685 3964 igitur
698 3903 840 3951 Romanurn
857 3905 889 3951 ad
929 3899 1026 3960 lorum,
1054 3901 1081 3949 in
1107 3900 1218 3964 partibus
1240 3898 1338 3948 illorum
1355 3901 1479 3958 tutandis,

339 3987 465 4029 certamen
481 3981 608 4043 singulare
624 3983 772 4044 provocavit.
797 3983 889 4032 Eunus
930 3983 965 4030 ita
981 3989 1010 4030 ut
1031 3981 1112 4030 omnis
1137 3981 1218 4030 oratio
1238 3980 1338 4029 mulieri
1363 3988 1388 4030 et
1403 3996 1476 4030 servo

339 4067 464 4110 certamen
494 4062 575 4124 inepte
597 4069 621 4110 et
645 4061 745 4109 ridicule
769 4062 888 4125 depinxit.
929 4061 1068 4110 conveniat.
1096 4060 1175 4124 Epist.
1192 4061 1229 4109 ΙΙ.
1247 4074 1264 4109 1.
1281 4062 1335 4113 173.
1357 4062 1477 4120 Quantas

340 4137 485 4189 erramina
513 4140 650 4203 singularia
679 4142 705 4189 in
734 4141 802 4190 bellis
827 4142 888 4192 elim
928 4143 966 4190 sit
988 4144 1131 4190 Dossennus
1153 4142 1269 4189 edacibus
1295 4143 1323 4188 in
1342 4141 1477 4203 parasitis.

340 4224 412 4268 erant
428 4217 613 4282 frequentia,ut
621 4221 718 4284 privata
734 4229 831 4279 nostra,
845 4223 888 4271 hc-
929 4218 1004 4269 Ovid.
1021 4220 1123 4269 Remed.
1140 4221 1175 4269 A.
1186 4221 1243 4269 383.
1262 4223 1365 4277 Pereat,
1380 4220 1408 4268 in
1424 4223 1477 4268 An·

340 4297 408 4346 noris
424 4298 565 4346 vindicandi
581 4313 681 4359 caussa,
703 4316 804 4365 prorsus
820 4303 886 4351 inee-
929 4302 1060 4350 dromacha
1072 4302 1175 4349 Thaida
1186 4302 1208 4348 si
1221 4302 1354 4362 qeisopat.
1376 4300 1477 4348 Funde·

341 4378 418 4440 guita.
462 4378 549 4427 Unum
573 4393 606 4426 ex
637 4381 809 4444 antiquissimis
834 4391 888 4431 erat
928 4381 985 4429 nius
998 4381 1026 4428 in
1042 4380 1081 4428 his
1097 4377 1261 4426 describendis
1277 4392 1342 4425 unus
1360 4377 1475 4425 vivorum

340 4457 482 4506 Memnonis
498 4473 555 4507 cum
572 4458 683 4517 Achille,
701 4461 811 4524 adeoque
826 4463 887 4512 cele·
927 4467 1008 4524 potest
1025 4459 1133 4523 garrire,
1155 4465 1180 4506 et
1200 4457 1296 4519 garrire
1318 4457 1426 4505 suaviter
1451 4464 1476 4505 et

341 4536 452 4597 bratum,
473 4545 503 4586 ut
523 4539 574 4588 fere
595 4539 720 4600 proverbii
739 4540 793 4590 loco
812 4543 886 4592 habc-
927 4540 1038 4590 comiter.
1064 4539 1170 4602 Proprie
1194 4539 1247 4601 ipse
1266 4537 1412 4587 Fundanius
1438 4547 1475 4585 cst

340 4625 417 4666 retur.
450 4618 548 4666 Auctor
563 4619 661 4682 quidem
678 4619 743 4668 Belli
759 4621 830 4686 Hisp.
846 4623 886 4672 25.
928 4623 1011 4681 comis,
1025 4628 1053 4668 ut
1061 4622 1135 4670 cenric
1150 4619 1263 4669 Lucilius
1281 4633 1317 4667 vs.
1329 4618 1369 4666 53.
1383 4618 1475 4666 Poitae

341 4697 391 4744 Ilii
417 4704 501 4747 lohere
524 4700 613 4760 procrcl
637 4700 712 4748 dubio
737 4703 771 4748 od
786 4716 885 4764 oonpre-
928 4701 1036 4766 epitheta
1044 4700 1079 4750 sic
1095 4697 1228 4749 transferre
1240 4706 1337 4755 amant;
1354 4707 1382 4746 ut
1399 4699 1476 4760 ioqui-

1324 4780 1342 4843 6
