3750 5759
771 713 952 778 LIBER
997 713 1040 778 ΙΙ.
1399 714 1460 776 147

379 898 427 964 Ut
449 898 538 964 canis
563 922 582 965 a
604 900 690 966 corio
714 923 894 987 numquam
918 901 1150 967 absterrebitur
1172 906 1280 966 uncto.

377 1003 431 1068 Me
454 1025 545 1085 sene,
570 1005 656 1089 quod
679 1004 802 1089 dicam,
826 1006 952 1072 iactum
975 1012 1033 1072 est.
1066 998 1168 1071 Anus'
1181 1004 1329 1090 improba
1347 1004 1463 1069 Thebis

377 1107 430 1171 Ex
452 1113 650 1174 testamento
673 1110 719 1175 sie
742 1114 793 1175 est
816 1110 916 1176 elata:
941 1110 1077 1176 cadaver

377 1209 524 1276 Unctum
547 1211 617 1277 oleo
640 1213 732 1298 largo
755 1213 852 1280 nudis
875 1212 1019 1279 humeris
1043 1212 1122 1278 tulit
1143 1214 1253 1290 heres;

378 1313 509 1380 Scilicet
532 1315 617 1380 elabi
641 1317 669 1382 si
692 1323 804 1403 posset
826 1322 973 1396 mortna3
998 1318 1107 1400 crede,

378 1417 471 1498 Quod
494 1418 635 1484 nimium
658 1420 824 1486 institerat
845 1419 979 1487 viventi.
1030 1420 1152 1487 Cautus
1177 1421 1283 1503 adito,

375 1522 450 1587 Neu
473 1522 559 1589 desis
583 1545 697 1611 operae
720 1549 801 1592 neve
824 1526 1059 1592 immoderatus
1083 1525 1246 1603 abundes3

377 1626 553 1692 Difficilem
577 1633 610 1692 et
632 1650 798 1694 morosum
821 1628 964 1694 offendes
986 1629 1156 1714 garrulus3
1181 1629 1268 1693 ultro

377 1732 452 1795 Non
476 1731 576 1796 etiam
598 1731 705 1797 sileas.
754 1733 867 1798 Davus
888 1732 933 1799 sis
957 1733 1117 1816 comicae,
1142 1738 1240 1818 atque

378 1834 452 1900 Stes
476 1835 582 1920 capite
603 1836 751 1922 obstipe,
776 1837 919 1901 multum
944 1835 1063 1901 similis
1086 1835 1256 1901 metuenti.

378 1941 542 2027 Obsequio
564 1964 730 2028 grassare3
753 1965 866 2025 mone,
890 1942 918 2007 si
939 1941 1118 2007 increbruit
1140 1964 1235 2025 aura,

378 2045 502 2112 Cautus
522 2046 572 2111 uti
593 2048 679 2112 velet
703 2069 814 2112 carum
835 2051 951 2132 caput3
976 2047 1109 2111 extrahe
1132 2047 1228 2111 turba

378 2149 548 2235 Oppositis
568 2151 731 2230 humeris3
753 2173 865 2216 aurem
882 2149 1070 2235 substringe
1091 2149 1229 2235 loquaci.

338 2278 451 2339 amplam
478 2280 570 2342 stipem
594 2282 696 2329 mulieri
722 2281 882 2338 detulerunt,
921 2279 997 2327 tacito
1013 2285 1051 2327 est
1067 2282 1153 2342 opus.“
1187 2277 1214 2328 Si
1231 2278 1303 2326 ultra
1316 2274 1405 2326 Latine
1420 2273 1469 2321 diei

332 2372 403 2407 nemo
418 2372 458 2406 eos
475 2360 602 2419 observat,
618 2375 663 2410 atto
679 2362 812 2410 arbitrata
828 2362 880 2408 dis·
921 2364 1004 2420 posset
1020 2373 1065 2421 pro
1083 2360 1167 2415 ultra,
1183 2372 1259 2420 quum
1275 2356 1340 2404 satit
1356 2360 1401 2413 eat,
1413 2368 1468 2404 aen-

332 2439 431 2486 cedunt.
469 2438 521 2496 Qut
541 2440 668 2491 inaniores
694 2455 790 2498 venere,
814 2440 883 2502 siquo
922 2439 999 2487 tentia
1007 2437 1139 2501 probabilis
1147 2436 1362 2485 hinenasceretur.
1376 2435 1468 2484 Exem-

332 2518 393 2565 dato
406 2531 455 2578 pro
470 2518 596 2568 adulteria
612 2521 843 2582 depredmdumtur,
858 2524 883 2567 et
922 2519 991 2582 plum
1012 2519 1062 2567 tale
1083 2532 1133 2565 non
1155 2516 1298 2566 ostenditur.
1338 2516 1372 2564 Et
1392 2517 1469 2564 etiam

332 2595 449 2658 mamad
459 2597 603 2644 discendum
614 2599 741 2654 venerint,
752 2613 802 2646 mom
810 2598 883 2660 priua
924 2600 1000 2647 sileae
1017 2612 1075 2645 cum
1091 2600 1162 2646 ultra
1178 2598 1214 2645 sic
1229 2597 1340 2645 iunctum
1351 2594 1468 2644 haudob·

333 2675 521 2736 abeunt,quum
529 2676 883 2738 aliquidaeripaerimt.,Adde
923 2691 994 2727 seura
1021 2678 1125 2736 indicat,
1149 2677 1241 2740 requiri
1266 2676 1373 2739 aliquid,
1398 2677 1469 2723 ultra

334 2751 404 2801 aliud
430 2754 572 2818 exemplum
598 2755 664 2819 apud
690 2756 830 2805 Lucianum
856 2755 882 2802 in
923 2758 989 2817 qaod
1009 2755 1095 2818 ulyssi
1117 2763 1171 2804 erat
1186 2756 1322 2813 silendum,
1348 2754 1414 2817 quod
1437 2753 1469 2801 si·

335 2833 431 2883 Toxari
451 2833 488 2884 17.
922 2832 997 2883 lando
1014 2848 1131 2896 superare
1147 2834 1252 2883 deberet.
1284 2833 1418 2883 Horkelius
1434 2832 1469 2881 le-

368 2912 513 2974 Drfficilem
528 2918 554 2961 et
571 2914 883 2976 morotamoffmdespar·
924 2914 1010 2978 gebat:
1028 2917 1100 2962 mitra
1120 2929 1163 2962 nos
1180 2916 1256 2962 etiam
1272 2915 1354 2962 sileas.
1387 2911 1469 2962 Collo·

334 2993 424 3040 malua:
443 2993 512 3040 ultro
535 2994 595 3040 Nom
610 2995 783 3042 etiamstieaa.
807 2993 883 3042 Bent·
924 2995 1010 3057 quium
1040 2994 1130 3043 seilicet
1155 2994 1267 3042 Tiresiae
1296 3008 1352 3041 cum
1378 2991 1470 3056 myssa

334 3071 398 3119 leius
414 3069 649 3138 legib-Difficilem
666 3078 691 3121 et
707 3087 830 3120 maurosum
846 3073 883 3136 os·
923 3075 1028 3124 habetur
1044 3075 1070 3122 in
1086 3073 1170 3123 inferia
1188 3073 1260 3135 loeis,
1271 3073 1331 3123 loeis
1343 3073 1470 3123 silentium

327 3151 422 3214 seniles
443 3153 563 3212 aemulat
584 3153 659 3201 altro.
693 3150 818 3211 ‚,Coecus,
834 3155 882 3213 ait,
924 3155 1076 3203 umbrarum.

334 3230 369 3278 sit
393 3235 502 3292 oportet,
528 3231 572 3294 qui
597 3231 794 3280 emendationem
819 3232 883 3282 hane
957 3235 1023 3284 Mihi
1034 3235 1178 3282 inurentem
1189 3238 1301 3281 venerat:
1320 3234 1392 3281 mitra
1409 3232 1470 3280 Mu·

335 3323 385 3357 non
402 3318 532 3370 agnoscat3
553 3325 612 3358 nam
630 3311 656 3358 ni
672 3311 707 3358 ita
723 3311 768 3369 sit,
789 3311 883 3360 videbit
924 3321 978 3363 tarn
1000 3316 1077 3362 etium
1098 3315 1179 3361 sileas.
1214 3311 1275 3360 Pius
1295 3326 1370 3375 quam
1387 3318 1470 3360 mutua

335 3395 360 3436 et
382 3390 493 3438 advertet
515 3390 599 3437 omnia
620 3391 680 3438 haee
700 3391 807 3438 secunda
828 3406 881 3454 per·
922 3394 964 3442 sis.
990 3391 1098 3442 Ostende
1114 3399 1206 3449 tamen,
1223 3397 1375 3454 quantopere
1386 3405 1470 3439 senem

335 3483 398 3517 sona
409 3467 497 3519 efferri.
529 3470 881 3532 Offerrdesautempurrulus,
923 3471 1051 3520 difficilem
1068 3485 1097 3518 ae
1113 3484 1239 3518 morosum
1252 3483 1360 3528 vereare,
1374 3469 1471 3518 imitare

336 3548 384 3596 hoe
405 3556 455 3608 est,
477 3550 498 3598 si
519 3549 636 3613 garrulus
653 3549 752 3598 fueras
785 3551 821 3598 Et
836 3551 883 3600 hoc
922 3554 1024 3602 Davum
1041 3550 1183 3608 Canticum,
1205 3549 1264 3607 sile,
1287 3556 1312 3598 et
1333 3556 1373 3598 sta
1391 3549 1471 3613 eapite
1525 3578 1527 3582 ,

336 3628 424 3676 melius
449 3630 511 3677 mihi
536 3628 635 3678 videtur
659 3645 734 3692 quam
758 3631 882 3693 offendet,
923 3633 1025 3696 obstipe.

336 3710 380 3757 sed
396 3710 456 3772 quid
473 3701 556 3759 altro?
575 3710 674 3773 etquid
691 3725 740 3759 mon
756 3712 834 3759 ettam
849 3714 882 3760 ai-
957 3711 1106 3762 Doderlinus
1123 3709 1232 3758 defendit
1249 3710 1357 3772 offendet
1380 3724 1470 3773 parra·

336 3789 409 3836 lena?
442 3790 518 3838 Haud
540 3791 599 3838 satis
615 3789 740 3851 intelligo,
761 3791 883 3852 quomodo
924 3794 964 3840 lus
981 3794 1063 3840 uitro:
1085 3792 1102 3839 i.
1120 3805 1140 3840 e.
1166 3794 1235 3839 altro
1250 3790 1370 3854 offendet,
1396 3789 1471 3838 etiam

338 3867 385 3915 hoc
413 3868 557 3930 praesertim
582 3883 639 3916 curn
662 3869 816 3916 antecedenti
845 3883 883 3917 eo·
924 3870 1039 3919 offendet.
1064 3871 1111 3919 Est
1129 3870 1250 3935 quaedam
1262 3869 1395 3932 garrulitas
1404 3885 1471 3919 ama-

337 3948 445 3996 haereat.
479 3949 530 3996 Pro
552 3950 619 3997 ultro
640 3949 667 3996 in
687 3947 785 4010 optimis
806 3947 883 3998 MSS.
925 3949 993 4009 bilis,
1010 3951 1077 3999 haud
1087 3950 1222 3999 iniucunda
1236 3964 1333 4014 quoque
1345 3952 1406 4010 seni,
1423 3951 1472 4000 niti

338 4032 376 4076 eat
397 4031 476 4077 ultra.
509 4029 576 4078 Hinc
596 4028 639 4083 alii
661 4029 784 4077 fecerunt:
806 4028 884 4090 offen·
925 4031 959 4079 sit
975 4029 1083 4078 difficilis
1102 4045 1130 4079 ae
1147 4044 1267 4079 morosus.
1285 4029 1342 4078 Tali
1354 4029 1471 4094 garrulus

331 4109 381 4159 alet
397 4111 532 4170 parrulos:
549 4111 622 4157 ultra
642 4111 702 4158 Noa
713 4109 790 4157 etium
800 4109 883 4156 sileae.
926 4124 977 4157 non
994 4110 1041 4158 erit
1057 4110 1193 4169 iucundus,
1213 4110 1257 4158 sed
1277 4112 1346 4159 uitro
1362 4125 1419 4159 eum
1436 4109 1471 4158 of·

338 4187 394 4236 Hoc
415 4188 465 4236 iam
487 4196 581 4236 veteres
604 4189 797 4252 interpretantur
812 4190 885 4237 ultra
926 4189 1017 4237 tendet.

340 4269 552 4328 quamaatiaest:
570 4265 801 4316 etCommentator:
819 4267 883 4326 „Os-
966 4272 1062 4317 Aurem
1086 4271 1227 4333 substrtnqe
1251 4270 1355 4332 loquaci.
1388 4269 1470 4318 Inter·

339 4347 419 4395 tendit
440 4348 563 4411 quomodo
581 4347 659 4410 possit
674 4347 886 4410 importunitatem
926 4355 1067 4413 pretantur:
1085 4349 1107 4397 si
1117 4348 1208 4407 Dama,
1225 4363 1310 4410 senex,
1321 4355 1359 4397 est
1368 4348 1471 4413 loquax,

340 4425 457 4490 loquendi
473 4427 565 4484 vitare,
582 4427 647 4489 apud
666 4434 793 4476 austerum
810 4433 835 4476 et
850 4433 886 4476 ta·
927 4435 956 4476 tu
972 4443 1044 4477 aures
1060 4435 1116 4476 tuas
1133 4436 1239 4478 arrectas
1251 4428 1287 4477 iili
1302 4430 1471 4478 accommoda:

340 4505 466 4554 eiturnum
491 4520 523 4553 ne
548 4504 621 4553 nimis
644 4505 759 4568 loquare,
784 4521 830 4555 nec
850 4507 886 4554 ni·
926 4507 1056 4566 contrahe,
1076 4507 1177 4571 subrige
1196 4522 1267 4556 aures
1284 4514 1339 4556 tuas
1356 4507 1400 4557 illi.
1433 4508 1472 4559 Sit

341 4585 419 4633 mium
442 4586 474 4634 sis
496 4586 641 4634 taciturnus.
674 4586 762 4634 Davus
785 4589 818 4635 sis
838 4585 887 4636 Co·
927 4588 972 4648 ita;
998 4603 1150 4652 quamquam
1174 4589 1266 4648 fateor,
1290 4603 1331 4638 me
1351 4589 1472 4639 rationem

341 4665 427 4714 micus.
455 4665 562 4714 Artatus
579 4671 604 4714 et
620 4665 737 4724 callidus,
759 4667 801 4730 qui
817 4666 886 4730 loqui
927 4668 999 4716 auria
1014 4669 1220 4733 mbstrtmymdae
1239 4684 1289 4718 non
1305 4668 1365 4718 satis
1381 4669 1472 4734 perspi·

342 4758 393 4792 non
418 4743 501 4803 novit.
528 4744 554 4804 (l.
570 4759 620 4794 non
645 4744 713 4808 loqui
738 4746 818 4807 novit)
842 4748 886 4817 ubi
927 4762 995 4797 cere:
1013 4763 1099 4798 aurem
1116 4751 1257 4814 sabatriape
1273 4748 1473 4813 loquendorum

1266 4832 1335 4895 10*
