3750 5759
332 713 333 716 ‘
417 736 480 799 100

809 727 1163 794 SATIRARUM

461 923 548 986 Rara
571 918 640 983 avis
665 923 698 983 et
721 916 810 1003 picta
832 916 958 1002 pandat
982 916 1168 1001 spectacula
1192 916 1295 981 cauda
1302 944 1310 995 ;

460 1023 640 1107 Tamquam
660 1022 701 1086 ad
724 1043 792 1086 rem
811 1020 953 1085 attineat
975 1020 1163 1106 quidquam.
1212 1020 1302 1085 Num
1322 1018 1462 1085 vesceris
1482 1019 1564 1102 ista,

463 1126 570 1207 Quam
592 1125 730 1208 laudae,
754 1124 892 1210 pluma?
916 1128 1008 1189 coeto
1030 1146 1111 1189 num
1134 1124 1228 1190 adest
1250 1124 1355 1189 honor
1378 1123 1487 1189 idem?

464 1230 568 1296 Carne
592 1234 702 1295 tamen
727 1228 876 1315 quamvis
902 1227 1005 1292 distat
1027 1227 1111 1291 nihil
1135 1228 1196 1292 hae
1220 1227 1327 1313 magis
1352 1227 1429 1310 illa,

463 1333 648 1418 imparibus
673 1332 788 1396 formis
812 1331 987 1416 deceptum
1011 1335 1044 1395 te
1066 1336 1168 1416 patet.
1216 1332 1318 1397 Esto:

465 1437 563 1503 Unde
587 1437 703 1503 datum
728 1435 852 1517 sentis,
877 1435 976 1520 lupus
1000 1434 1054 1501 hic
1077 1434 1247 1500 Tiberinus
1271 1458 1314 1500 an
1337 1434 1406 1500 alto

467 1542 591 1627 Captus
615 1542 704 1624 hiet,
728 1545 889 1626 pontesne
912 1538 999 1604 inter
1022 1539 1164 1605 iactatus
1188 1562 1231 1603 an
1254 1538 1362 1604 amnis

417 1663 464 1711 que
473 1648 571 1696 vinetus
578 1663 624 1710 per
633 1648 868 1696 urbemRomauam
877 1645 968 1694 trium·
1009 1653 1107 1708 praeter
1124 1644 1174 1692 alia
1190 1645 1287 1707 culpat,
1304 1645 1370 1707 quod
1388 1646 1435 1691 hue
1450 1640 1486 1689 ita
1494 1654 1569 1703 pror-

416 1728 464 1791 plst
480 1728 650 1787 spectaculum
668 1726 766 1773 trahar.
1012 1739 1055 1772 sus
1070 1725 1228 1772 redundaret.

440 1804 539 1852 'Carne
563 1807 646 1853 tumen
671 1803 783 1865 quunzea's
804 1804 885 1851 distat
905 1803 972 1850 nihil
1053 1803 1205 1852 Doderlinus
1239 1803 1416 1865 interpretatur
1448 1799 1497 1857 ita,
1541 1806 1571 1846 ut

421 1884 468 1930 leue
485 1883 564 1945 urupt's
580 1885 634 1930 tlte.
670 1880 812 1929 Meinekius
830 1880 973 1929 annotavit:
1014 1889 1096 1932 lumen
1137 1882 1259 1945 significet
1302 1886 1405 1939 saltem,
1450 1881 1571 1943 wamma

422 1962 508 2019 „Haec
524 1962 676 2024 optimorum
694 1967 730 2008 est
747 1959 869 2009 librorum
886 1959 973 2017 lectio,
1013 1977 1069 2011 cum
1087 1963 1218 2027 Xylandro
1228 1968 1338 2009 mutetur
1348 1961 1376 2007 in
1386 1975 1463 2022 quum
1473 1959 1528 2016 aas,
1545 1962 1571 2004 et

422 2040 448 2088 in
465 2055 515 2103 qua
532 2041 685 2103 expedienda
700 2039 793 2087 frustra
804 2054 904 2103 operam
915 2052 973 2086 oon·

422 2127 594 2183 sumpserunt,
606 2128 634 2168 ut
646 2119 705 2167 alios
717 2119 828 2177 mittam,
845 2118 974 2167 Bentleius

423 2207 447 2247 et
456 2200 598 2262 Kriigerus‚
612 2214 719 2263 quorum
729 2198 904 2261 explicationes
913 2196 975 2242 adeo

423 2287 550 2327 contortae
566 2285 625 2327 sunt
641 2284 665 2326 et
676 2277 801 2337 difficiles,
813 2284 841 2325 ut
852 2274 923 2325 nullo
933 2289 975 2337 pa·

424 2366 463 2406 cto
480 2358 578 2421 probari
594 2372 666 2421 posse
678 2358 817 2405 videantur.
850 2356 904 2403 Nec
916 2369 976 2402 vero

423 2439 476 2487 ulla
498 2437 635 2486 emendatio
657 2437 794 2500 excogitari
814 2440 907 2498 potest,
927 2449 977 2496 qua

424 2519 575 2567 tenebricosa
600 2517 675 2564 verba
696 2515 855 2578 probabiliter
880 2512 977 2560 restitui

424 2598 525 2662 possint.
564 2597 652 2659 Itaque
674 2602 718 2643 aut
739 2595 856 2643 delendus
880 2594 978 2641 videtur

425 2692 524 2734 versus,
546 2682 589 2722 aut
610 2674 703 2737 aliquid
725 2674 845 2722 excidisse
866 2679 976 2719 statuen-

426 2758 486 2806 dum
511 2762 548 2805 est
573 2754 599 2802 in
625 2754 689 2802 hanc
715 2753 792 2801 ferme
817 2750 977 2800 sententiam:

427 2836 530 2895 „Germ
547 2841 646 2892 tumen,
665 2835 780 2896 quantula
802 2834 881 2879 distat
899 2832 979 2890 nihil,

427 2918 475 2965 hue
491 2916 570 2977 mepte
585 2916 632 2961 illa
650 2912 779 2973 (Delector
784 2928 793 2970 ;
803 2912 906 2973 pulchri
917 2911 980 2973 quid

428 2997 501 3043 tutet
518 2983 644 3042 Iunonius
655 2991 741 3052 ales.“)
768 2988 979 3052 Impunita-sfor-

428 3075 475 3121 uu's
491 3076 621 3135 deceptum
639 3077 663 3119 te
674 3075 771 3132 patet.“
792 3069 912 3117 Horatius
925 3082 979 3116 ver-

428 3167 484 3200 sum
503 3154 635 3209 Delector,
651 3151 753 3212 pulchri
769 3151 832 3211 quid
849 3150 922 3196 tutet
935 3150 980 3195 Iu-

429 3233 519 3279 nonius
535 3232 586 3280 oles
602 3245 652 3278 non
669 3229 765 3277 invitus
776 3243 821 3291 pro
832 3242 877 3276 suo
888 3241 979 3289 agnos·

428 3325 484 3359 cere
505 3318 593 3374 posset.
628 3309 677 3359 Sed
698 3310 764 3357 idem
781 3307 922 3356 Meinekius
939 3308 980 3354 ad-

430 3392 477 3439 dit:
496 3391 581 3449 „Haec
597 3398 655 3438 ante
671 3389 765 3438 multos
783 3403 860 3436 annos
872 3388 899 3436 in
911 3388 980 3435 char-

1014 2044 1103 2103 mapis,
1119 2045 1183 2107 quod
1193 2043 1338 2093 Schaeferus
1356 2041 1406 2089 iam
1422 2046 1481 2087 ante
1491 2037 1571 2086 Eich-

1014 2123 1122 2171 stadium
1133 2122 1248 2185 putabat,
1265 2136 1311 2184 pro
1320 2122 1414 2183 putiau
1425 2116 1571 2180 accipiatur.

1015 2202 1098 2252 Video
1114 2201 1289 2250 Heindorfium
1312 2198 1455 2247 coniecisse:
1483 2196 1573 2245 Carne

1017 2287 1101 2329 tamen
1110 2282 1312 2343 quamuisdistut
1320 2280 1386 2327 nihil
1394 2278 1442 2326 bac
1451 2276 1505 2325 uuis
1513 2277 1571 2324 illu.

1050 2360 1133 2407 Esto:
1157 2361 1229 2408 Unde
1239 2358 1424 2407 autumemus.
1448 2356 1481 2405 N.
1490 2355 1572 2404 Hein-

1016 2439 1068 2487 sius
1085 2438 1194 2500 legebat:
1219 2440 1286 2487 uude
1301 2442 1388 2486 ratum
1405 2436 1493 2484 sentia.
1523 2436 1573 2484 Est

1017 2519 1169 2578 coniectura,
1194 2517 1278 2582 quales
1301 2516 1340 2565 vir
1363 2514 1572 2577 diligentissimus

1017 2600 1044 2646 in
1060 2598 1186 2661 margines
1202 2597 1324 2645 librorum
1341 2595 1459 2643 conticere
1475 2593 1573 2642 solebat

1018 2678 1116 2727 multas
1150 2678 1242 2725 Postea
1268 2677 1299 2723 de
1316 2676 1346 2723 iis
1370 2674 1477 2737 amplius
1503 2673 1572 2721 iudi·

1018 2758 1096 2806 cabat.
1129 2757 1214 2812 Hane,
1231 2756 1319 2814 eredo,
1342 2753 1394 2816 ipse
1415 2768 1466 2801 non
1482 2753 1572 2815 repeti-

1018 2838 1101 2885 visset.
1135 2834 1263 2884 Bentleius
1279 2833 1372 2881 sactum
1389 2832 1501 2892 nolebat;
1524 2846 1573 2895 ego

1019 2932 1034 2963 a
1056 2913 1172 2965 Bentleio
1196 2929 1247 2962 non
1273 2913 1365 2961 factum
1390 2913 1518 2972 volebam,
1545 2921 1574 2961 ut

1020 2995 1162 3044 huiusmodi
1180 2993 1334 3042 coniecturas
1356 2999 1522 3050 memoraret,
1548 2999 1573 3040 et

1020 3075 1223 3139 reprehenderet,
1240 3072 1355 3130 minime,
1372 3078 1401 3119 ut
1411 3070 1574 3133 reprehendit

1020 3154 1096 3203 aliam
1113 3152 1211 3203 Heinsii
1227 3151 1392 3200 coniecturam
1410 3151 1441 3198 ad
1459 3164 1495 3199 vs.
1517 3151 1573 3200 123.

1020 3248 1084 3296 quae
1106 3232 1142 3281 illi
1164 3246 1209 3279 nec
1230 3230 1326 3280 coelum
1348 3244 1393 3278 nec
1409 3237 1501 3278 terram
1518 3236 1574 3277 tan·

1021 3327 1080 3375 gere
1097 3311 1235 3359 videbatur.
1268 3311 1349 3360 Addit
1360 3310 1460 3373 quidem
1478 3310 1574 3368 „Dicis

1021 3393 1115 3454 opinor,
1133 3405 1232 3446 caussa,
1249 3397 1273 3438 et
1289 3389 1357 3437 aliud
1374 3404 1450 3451 agens
1468 3389 1516 3438 hoe
1531 3390 1574 3437 ad·

431 3478 468 3519 tas
485 3472 590 3530 conieci,
606 3484 652 3518 nec
669 3469 751 3517 delere
768 3468 848 3526 volui,
861 3468 980 3532 quoniam
1021 3471 1134 3528 notabat,
1151 3470 1232 3533 magis
1249 3477 1277 3518 ut
1295 3469 1325 3516 de
1341 3482 1371 3516 eo
1387 3477 1472 3531 postea
1483 3468 1574 3517 delibe-

431 3550 485 3599 aliis
507 3550 610 3598 fortasse
630 3548 732 3597 meliora
754 3548 896 3597 inveniendi
914 3548 980 3595 viam
1022 3558 1099 3608 raret,
1117 3565 1193 3611 quam
1210 3550 1275 3614 quod
1292 3556 1345 3597 tum
1357 3548 1421 3596 serio
1433 3548 1574 3611 probaret.“

430 3631 611 3680 monstrabunt.
628 3629 752 3691 Equidem
761 3643 840 3685 nuuc,
852 3643 878 3676 re
890 3628 981 3676 iterum
1022 3631 1148 3680 Debemus
1165 3630 1223 3687 hoe,
1245 3630 1344 3693 opinor,
1366 3629 1500 3678 memoriae
1522 3644 1574 3678 om·

432 3712 566 3773 pensitata,
583 3710 609 3757 in
626 3725 680 3757 eam
698 3710 846 3757 sententiam
863 3707 982 3771 proclino,
1023 3710 1106 3767 nium,
1124 3724 1230 3772 quorum
1243 3709 1320 3759 MSS.
1332 3709 1438 3767 utimur,
1449 3716 1478 3757 ut
1489 3708 1576 3757 huius·

432 3798 460 3838 ut
471 3798 552 3838 totum
564 3803 663 3837 versum
672 3788 703 3835 ab
714 3787 895 3851 interpolatrice
906 3802 982 3835 manu
1023 3789 1090 3837 modi
1106 3796 1257 3837 correcturas
1273 3789 1372 3838 silentio
1383 3773 1575 3853 praetereamus.

431 3869 555 3917 intrusum
579 3869 685 3916 credam.
719 3867 760 3915 Ita
783 3867 875 3929 optime
900 3868 983 3915 omnia
1023 3869 1151 3919 Bentleius
1175 3872 1263 3917 datum
1289 3874 1385 3929 tuetur,
1412 3877 1436 3918 et
1461 3870 1571 3933 exponit:

433 3948 565 3996 cohaerent
588 3960 634 3995 nec
658 3946 791 4009 quidquam
816 3945 883 3994 ultra
904 3948 983 4010 perfe-
1025 3949 1099 3998 Unde
1116 3948 1160 3995 tibi
1182 3949 1279 4005 datum,
1305 3950 1371 4010 quod
1395 3948 1484 4016 sentis,
1509 3950 1577 3996 unde

434 4033 501 4075 ctum
517 4027 648 4075 trahitur.“
681 4026 738 4089 Ego
755 4026 863 4084 tentavi,
884 4041 916 4074 an
938 4026 982 4074 dif-
1024 4029 1068 4076 tibi
1085 4042 1241 4085 eoncessum,
1252 4035 1280 4075 ut
1292 4028 1394 4084 sentias,
1407 4030 1481 4092 idque
1492 4042 1576 4076 exem-

434 4106 531 4155 fieultas
547 4106 582 4155 sic
598 4106 709 4168 expediri
726 4105 814 4167 possit:
844 4104 928 4155 Carne
945 4112 982 4155 ta·
1024 4108 1070 4171 plis
1087 4107 1225 4156 confirmat.
1257 4108 1298 4156 De
1319 4106 1455 4156 Latinitate
1476 4104 1576 4169 quidem

435 4204 502 4244 naeu,
520 4202 596 4249 quum
613 4188 666 4242 uta,
683 4187 764 4233 distat
781 4185 915 4234 nihilhuec
927 4189 983 4235 auis
1025 4191 1114 4237 dotum
1130 4190 1208 4236 sentit
1227 4202 1301 4236 nemo
1318 4185 1452 4234 dubitabit:
1474 4186 1505 4234 de
1522 4199 1578 4233 seu·

434 4270 489 4315 illa,
524 4266 581 4315 Non
599 4264 650 4312 edis
667 4265 772 4312 caudam
789 4263 901 4326 pavonis.
934 4264 983 4313 Vis
1025 4267 1116 4325 tentia,
1133 4266 1238 4315 fortasse
1254 4281 1320 4315 unus
1338 4273 1363 4313 et
1374 4266 1452 4324 alter,
1467 4278 1531 4329 quae
1542 4264 1578 4314 sic

435 4360 549 4395 carnem:
567 4345 636 4408 atqui
652 4358 710 4393 earo
726 4343 829 4407 pavonis
841 4349 866 4391 et
877 4343 984 4407 gallinae
1025 4348 1153 4396 sehabet:
1177 4354 1236 4396 esto.
1258 4349 1314 4409 quis
1339 4347 1387 4394 tibi
1403 4345 1490 4392 dediti
1522 4344 1579 4393 Hoc

435 4424 598 4474 nihildiffert.
624 4424 984 4486 Ettamenmavispavonem.
1024 4442 1074 4476 non
1091 4434 1156 4475 recte
1172 4426 1287 4489 procedit.
1321 4424 1400 4474 Misso
1410 4422 1493 4486 priore
1503 4435 1602 4485 argu·=

436 4506 506 4567 Ergo
515 4504 607 4553 formae
616 4503 887 4566 imparestedecipiunt.
901 4505 984 4562 Quam
1024 4514 1120 4563 mento,
1136 4505 1165 4554 fit
1181 4506 1300 4555 transitus
1318 4506 1350 4553 ad
1371 4502 1445 4551 aliud.
1474 4500 1579 4550 Deside-

435 4586 486 4642 vte,
505 4591 532 4631 nt
549 4584 573 4630 in
591 4583 671 4647 Epist.
688 4584 719 4631 ad
736 4583 853 4644 Pisones:
876 4583 985 4646 Denique
1024 4592 1094 4633 ratur
1110 4586 1244 4647 particula,
1261 4584 1343 4649 qualis
1359 4584 1414 4639 sed,
1430 4596 1496 4629 uero.
1530 4582 1579 4631 Le-

435 4665 482 4722 sit,
498 4666 563 4726 quod
576 4665 752 4726 vtaetmpteu.
787 4665 842 4711 Iam
855 4663 986 4726 Xylander
1025 4664 1133 4726 gendum
1161 4671 1233 4727 puto:
1273 4665 1346 4712 Unde
1378 4666 1463 4709 autem
1491 4661 1579 4708 sentis.

437 4744 573 4791 coniecerat
600 4758 675 4806 quum
702 4744 748 4791 cte.
786 4743 817 4789 ln
847 4756 876 4788 eo
903 4742 984 4792 Bentl.
1024 4745 1098 4793 Esto:
1116 4744 1244 4792 mittamus
1260 4744 1315 4792 ista.
1350 4741 1388 4791 Sit
1409 4739 1453 4788 tibi
1471 4746 1523 4788 tam
1540 4754 1579 4788 sa·
