<?xml version="1.0" encoding="UTF-8"?>
<!DOCTYPE html PUBLIC "-//W3C//DTD XHTML 1.0 Transitional//EN"
    "http://www.w3.org/TR/xhtml1/DTD/xhtml1-transitional.dtd">
<html xmlns="http://www.w3.org/1999/xhtml" xml:lang="en" lang="en">
 <head>
  <title>
</title>
<meta http-equiv="Content-Type" content="text/html;charset=utf-8" />
  <meta name='ocr-system' content='tesseract 3.04.00' />
  <meta name='ocr-capabilities' content='ocr_page ocr_carea ocr_par ocr_line ocrx_word'/>
</head>
<body>
  <div class='ocr_page' id='page_1' title='image "./qhoratiiflaccis00peergoog_0104.png"; bbox 0 0 3750 5759; ppageno 0'>
   <div class='ocr_carea' id='block_1_1' title="bbox 361 662 1106 746">
    <p class='ocr_par' dir='ltr' id='par_1_1' title="bbox 361 662 1106 746">
     <span class='ocr_line' id='line_1_1' title="bbox 361 662 1106 746; baseline -0.021 -2"><span class='ocrx_word' id='word_1_1' title='bbox 361 684 403 746; x_wconf 78' lang='grc'><strong>811</strong></span> <span class='ocrx_word' id='word_1_2' title='bbox 756 662 1106 737; x_wconf 74' lang='lat' dir='ltr'>SATIRARUM</span> 
     </span>
    </p>
   </div>
   <div class='ocr_carea' id='block_1_2' title="bbox 404 853 1446 1156">
    <p class='ocr_par' dir='ltr' id='par_1_2' title="bbox 404 853 1446 1156">
     <span class='ocr_line' id='line_1_2' title="bbox 408 853 1102 948; baseline -0.016 -18"><span class='ocrx_word' id='word_1_3' title='bbox 408 864 587 946; x_wconf 68' lang='lat' dir='ltr'>Corvinus,</span> <span class='ocrx_word' id='word_1_4' title='bbox 611 861 728 948; x_wconf 88' lang='lat' dir='ltr'>patriis</span> <span class='ocrx_word' id='word_1_5' title='bbox 753 856 974 924; x_wconf 81' lang='lat' dir='ltr'>intermiscere</span> <span class='ocrx_word' id='word_1_6' title='bbox 996 853 1102 940; x_wconf 84' lang='lat' dir='ltr'>petita</span> 
     </span>
     <span class='ocr_line' id='line_1_3' title="bbox 404 954 1262 1045; baseline -0.017 -13"><span class='ocrx_word' id='word_1_7' title='bbox 404 968 512 1032; x_wconf 88' lang='lat' dir='ltr'>Verba</span> <span class='ocrx_word' id='word_1_8' title='bbox 534 965 616 1031; x_wconf 84' lang='lat' dir='ltr'>foris</span> <span class='ocrx_word' id='word_1_9' title='bbox 639 963 757 1045; x_wconf 92' lang='lat' dir='ltr'>malis,</span> <span class='ocrx_word' id='word_1_10' title='bbox 783 958 944 1027; x_wconf 84' lang='lat' dir='ltr'>Canusini</span> <span class='ocrx_word' id='word_1_11' title='bbox 966 979 1056 1022; x_wconf 90' lang='lat' dir='ltr'>more</span> <span class='ocrx_word' id='word_1_12' title='bbox 1077 954 1262 1040; x_wconf 87' lang='lat' dir='ltr'>bilinguis?</span> 
     </span>
     <span class='ocr_line' id='line_1_4' title="bbox 405 1050 1446 1156; baseline -0.021 -19"><span class='ocrx_word' id='word_1_13' title='bbox 405 1071 525 1156; x_wconf 82' lang='lat' dir='ltr'>Atqui,</span> <span class='ocrx_word' id='word_1_14' title='bbox 551 1091 612 1155; x_wconf 86' lang='lat' dir='ltr'>ego</span> <span class='ocrx_word' id='word_1_15' title='bbox 637 1089 740 1154; x_wconf 91' lang='lat' dir='ltr'>quum</span> <span class='ocrx_word' id='word_1_16' title='bbox 764 1065 905 1132; x_wconf 83' lang='lat' dir='ltr'>Graecos</span> <span class='ocrx_word' id='word_1_17' title='bbox 929 1061 1086 1143; x_wconf 88' lang='lat' dir='ltr'>facerem,</span> <span class='ocrx_word' id='word_1_18' title='bbox 1110 1062 1208 1124; x_wconf 88' lang='lat' dir='ltr'>natus</span> <span class='ocrx_word' id='word_1_19' title='bbox 1232 1074 1322 1120; x_wconf 87' lang='lat' dir='ltr'>mare</span> <span class='ocrx_word' id='word_1_20' title='bbox 1344 1050 1446 1133; x_wconf 87' lang='lat' dir='ltr'>citra,</span> 
     </span>
    </p>
   </div>
   <div class='ocr_carea' id='block_1_3' title="bbox 407 1161 1386 1676">
    <p class='ocr_par' dir='ltr' id='par_1_3' title="bbox 410 1161 1202 1255">
     <span class='ocr_line' id='line_1_5' title="bbox 410 1161 1202 1255; baseline -0.02 -14"><span class='ocrx_word' id='word_1_21' title='bbox 410 1173 610 1255; x_wconf 89' lang='lat' dir='ltr'>Versiculos,</span> <span class='ocrx_word' id='word_1_22' title='bbox 634 1170 742 1236; x_wconf 89' lang='lat' dir='ltr'>vetuit</span> <span class='ocrx_word' id='word_1_23' title='bbox 763 1190 817 1233; x_wconf 88' lang='lat' dir='ltr'>me</span> <span class='ocrx_word' id='word_1_24' title='bbox 840 1166 901 1232; x_wconf 83' lang='lat' dir='ltr'>uli</span> <span class='ocrx_word' id='word_1_25' title='bbox 924 1185 1003 1229; x_wconf 89' lang='lat' dir='ltr'>voce</span> <span class='ocrx_word' id='word_1_26' title='bbox 1027 1161 1202 1243; x_wconf 80' lang='lat' dir='ltr'>Quirinus,</span> 
     </span>
    </p>

    <p class='ocr_par' dir='ltr' id='par_1_4' title="bbox 407 1262 1386 1676">
     <span class='ocr_line' id='line_1_6' title="bbox 407 1262 1335 1352; baseline -0.02 -8"><span class='ocrx_word' id='word_1_27' title='bbox 407 1280 488 1344; x_wconf 89' lang='lat' dir='ltr'>Post</span> <span class='ocrx_word' id='word_1_28' title='bbox 510 1276 654 1342; x_wconf 90' lang='lat' dir='ltr'>mediam</span> <span class='ocrx_word' id='word_1_29' title='bbox 677 1277 808 1338; x_wconf 89' lang='lat' dir='ltr'>noctem</span> <span class='ocrx_word' id='word_1_30' title='bbox 830 1269 940 1350; x_wconf 88' lang='lat' dir='ltr'>visus,</span> <span class='ocrx_word' id='word_1_31' title='bbox 965 1288 1068 1352; x_wconf 91' lang='lat' dir='ltr'>quum</span> <span class='ocrx_word' id='word_1_32' title='bbox 1091 1262 1220 1331; x_wconf 90' lang='lat' dir='ltr'>somnia</span> <span class='ocrx_word' id='word_1_33' title='bbox 1242 1282 1335 1328; x_wconf 84' lang='lat' dir='ltr'>vera:</span> 
     </span>
     <span class='ocr_line' id='line_1_7' title="bbox 410 1365 1239 1465; baseline -0.021 -18"><span class='ocrx_word' id='word_1_34' title='bbox 410 1381 473 1465; x_wconf 93' lang='lat' dir='ltr'>„In</span> <span class='ocrx_word' id='word_1_35' title='bbox 498 1379 616 1446; x_wconf 88' lang='lat' dir='ltr'>silvam</span> <span class='ocrx_word' id='word_1_36' title='bbox 639 1398 707 1442; x_wconf 91' lang='lat' dir='ltr'>non</span> <span class='ocrx_word' id='word_1_37' title='bbox 730 1375 824 1459; x_wconf 85' lang='lat' dir='ltr'>ligna</span> <span class='ocrx_word' id='word_1_38' title='bbox 846 1372 931 1437; x_wconf 90' lang='lat' dir='ltr'>feras</span> <span class='ocrx_word' id='word_1_39' title='bbox 955 1368 1123 1450; x_wconf 88' lang='lat' dir='ltr'>insanius,</span> <span class='ocrx_word' id='word_1_40' title='bbox 1148 1388 1186 1432; x_wconf 86' lang='lat' dir='ltr'>ac</span> <span class='ocrx_word' id='word_1_41' title='bbox 1209 1365 1239 1432; x_wconf 91' lang='lat' dir='ltr'>si</span> 
     </span>
     <span class='ocr_line' id='line_1_8' title="bbox 408 1472 1258 1570; baseline -0.02 -19"><span class='ocrx_word' id='word_1_42' title='bbox 408 1486 547 1570; x_wconf 82' lang='lat' dir='ltr'>Magnas</span> <span class='ocrx_word' id='word_1_43' title='bbox 573 1481 772 1548; x_wconf 81' lang='lat' dir='ltr'>Graecorum</span> <span class='ocrx_word' id='word_1_44' title='bbox 794 1475 893 1541; x_wconf 88' lang='lat' dir='ltr'>malis</span> <span class='ocrx_word' id='word_1_45' title='bbox 917 1473 1053 1559; x_wconf 89' lang='lat' dir='ltr'>implere</span> <span class='ocrx_word' id='word_1_46' title='bbox 1077 1472 1258 1536; x_wconf 86' lang='lat' dir='ltr'>catervas.“</span> 
     </span>
     <span class='ocr_line' id='line_1_9' title="bbox 408 1573 1386 1676; baseline -0.018 -21"><span class='ocrx_word' id='word_1_47' title='bbox 408 1589 569 1676; x_wconf 80' lang='lat' dir='ltr'>Turgidus</span> <span class='ocrx_word' id='word_1_48' title='bbox 593 1586 738 1672; x_wconf 90' lang='lat' dir='ltr'>Alpinus</span> <span class='ocrx_word' id='word_1_49' title='bbox 762 1581 893 1667; x_wconf 84' lang='lat' dir='ltr'>iugulat</span> <span class='ocrx_word' id='word_1_50' title='bbox 917 1579 998 1643; x_wconf 87' lang='lat' dir='ltr'>dum</span> <span class='ocrx_word' id='word_1_51' title='bbox 1022 1576 1215 1658; x_wconf 80' lang='lat' dir='ltr'>Memnona,</span> <span class='ocrx_word' id='word_1_52' title='bbox 1240 1573 1386 1659; x_wconf 86' lang='lat' dir='ltr'>dumque</span> 
     </span>
    </p>
   </div>
   <div class='ocr_carea' id='block_1_4' title="bbox 409 1679 1294 1779">
    <p class='ocr_par' dir='ltr' id='par_1_5' title="bbox 409 1679 1294 1779">
     <span class='ocr_line' id='line_1_10' title="bbox 409 1679 1294 1779; baseline -0.02 -19"><span class='ocrx_word' id='word_1_53' title='bbox 409 1691 558 1779; x_wconf 85' lang='lat' dir='ltr'>Defingit</span> <span class='ocrx_word' id='word_1_54' title='bbox 580 1689 688 1756; x_wconf 86' lang='lat' dir='ltr'>Rheni</span> <span class='ocrx_word' id='word_1_55' title='bbox 711 1689 839 1754; x_wconf 89' lang='lat' dir='ltr'>luteum</span> <span class='ocrx_word' id='word_1_56' title='bbox 863 1690 979 1770; x_wconf 90' lang='lat' dir='ltr'>caput,</span> <span class='ocrx_word' id='word_1_57' title='bbox 1003 1682 1083 1747; x_wconf 89' lang='lat' dir='ltr'>hacc</span> <span class='ocrx_word' id='word_1_58' title='bbox 1109 1702 1169 1766; x_wconf 86' lang='lat' dir='ltr'>ego</span> <span class='ocrx_word' id='word_1_59' title='bbox 1193 1679 1294 1761; x_wconf 91' lang='lat' dir='ltr'>ludo,</span> 
     </span>
    </p>
   </div>
   <div class='ocr_carea' id='block_1_5' title="bbox 354 1887 1526 4742">
    <p class='ocr_par' dir='ltr' id='par_1_6' title="bbox 354 1887 1526 4742">
     <span class='ocr_line' id='line_1_11' title="bbox 366 1887 1514 1959; baseline -0.017 -8"><span class='ocrx_word' id='word_1_60' title='bbox 366 1918 415 1953; x_wconf 89' lang='lat' dir='ltr'>non</span> <span class='ocrx_word' id='word_1_61' title='bbox 437 1904 542 1953; x_wconf 76' lang='lat' dir='ltr'>exsudet</span> <span class='ocrx_word' id='word_1_62' title='bbox 564 1902 676 1950; x_wconf 70' lang='lat' dir='ltr'>munet</span> <span class='ocrx_word' id='word_1_63' title='bbox 700 1899 735 1947; x_wconf 81' lang='lat' dir='ltr'>Et</span> <span class='ocrx_word' id='word_1_64' title='bbox 760 1896 786 1945; x_wconf 87' lang='lat' dir='ltr'>in</span> <span class='ocrx_word' id='word_1_65' title='bbox 807 1896 915 1943; x_wconf 72' lang='lat' dir='ltr'>exsudet</span> <span class='ocrx_word' id='word_1_66' title='bbox 957 1899 1047 1954; x_wconf 74' lang='lat' dir='ltr'>mixta,</span> <span class='ocrx_word' id='word_1_67' title='bbox 1065 1909 1211 1959; x_wconf 76' lang='lat' dir='ltr'>responsum</span> <span class='ocrx_word' id='word_1_68' title='bbox 1228 1908 1287 1942; x_wconf 81' lang='lat' dir='ltr'>sane</span> <span class='ocrx_word' id='word_1_69' title='bbox 1308 1891 1391 1953; x_wconf 78' lang='lat' dir='ltr'>magis</span> <span class='ocrx_word' id='word_1_70' title='bbox 1414 1889 1447 1937; x_wconf 82' lang='lat' dir='ltr'>ab</span> <span class='ocrx_word' id='word_1_71' title='bbox 1469 1887 1514 1937; x_wconf 89' lang='lat' dir='ltr'>illo</span> 
     </span>
     <span class='ocr_line' id='line_1_12' title="bbox 366 1969 1516 2042; baseline -0.018 -9"><span class='ocrx_word' id='word_1_72' title='bbox 366 1984 504 2032; x_wconf 74' lang='lat' dir='ltr'>ostenditur</span> <span class='ocrx_word' id='word_1_73' title='bbox 520 1979 652 2029; x_wconf 87' lang='lat' dir='ltr'>difficultas</span> <span class='ocrx_word' id='word_1_74' title='bbox 669 1977 752 2026; x_wconf 83' lang='lat' dir='ltr'>omnia</span> <span class='ocrx_word' id='word_1_75' title='bbox 768 1976 856 2024; x_wconf 86' lang='lat' dir='ltr'>Latine</span> <span class='ocrx_word' id='word_1_76' title='bbox 873 1988 915 2021; x_wconf 85' lang='lat' dir='ltr'>ex·</span> <span class='ocrx_word' id='word_1_77' title='bbox 957 1983 1114 2042; x_wconf 70' lang='lat' dir='ltr'>exspectatur</span> <span class='ocrx_word' id='word_1_78' title='bbox 1128 1977 1171 2039; x_wconf 81' lang='lat' dir='ltr'>qui</span> <span class='ocrx_word' id='word_1_79' title='bbox 1188 1980 1290 2037; x_wconf 72' lang='lat' dir='ltr'>rogatus</span> <span class='ocrx_word' id='word_1_80' title='bbox 1308 1978 1357 2028; x_wconf 79' lang='lat' dir='ltr'>est,</span> <span class='ocrx_word' id='word_1_81' title='bbox 1373 1983 1453 2032; x_wconf 80' lang='lat' dir='ltr'>quam</span> <span class='ocrx_word' id='word_1_82' title='bbox 1470 1969 1516 2032; x_wconf 87' lang='lat' dir='ltr'>qni</span> 
     </span>
     <span class='ocr_line' id='line_1_13' title="bbox 367 2054 1067 2126; baseline -0.016 -14"><span class='ocrx_word' id='word_1_83' title='bbox 367 2062 497 2126; x_wconf 75' lang='lat' dir='ltr'>primenti.</span> <span class='ocrx_word' id='word_1_84' title='bbox 523 2059 605 2110; x_wconf 85' lang='lat' dir='ltr'>Multa</span> <span class='ocrx_word' id='word_1_85' title='bbox 625 2059 699 2121; x_wconf 83' lang='lat' dir='ltr'>lunge</span> <span class='ocrx_word' id='word_1_86' title='bbox 716 2055 808 2105; x_wconf 86' lang='lat' dir='ltr'>facilius</span> <span class='ocrx_word' id='word_1_87' title='bbox 821 2054 915 2104; x_wconf 85' lang='lat' dir='ltr'>Graece</span> <span class='ocrx_word' id='word_1_88' title='bbox 958 2058 1067 2121; x_wconf 79' lang='lat' dir='ltr'>rogavit.</span> 
     </span>
     <span class='ocr_line' id='line_1_14' title="bbox 368 2127 1515 2210; baseline -0.017 -16"><span class='ocrx_word' id='word_1_89' title='bbox 368 2142 579 2205; x_wconf 70' lang='lat' dir='ltr'>exprimebantur.</span> <span class='ocrx_word' id='word_1_90' title='bbox 596 2139 681 2188; x_wconf 81' lang='lat' dir='ltr'>Nostri</span> <span class='ocrx_word' id='word_1_91' title='bbox 698 2137 755 2186; x_wconf 89' lang='lat' dir='ltr'>olim</span> <span class='ocrx_word' id='word_1_92' title='bbox 772 2148 915 2183; x_wconf 76' lang='lat' dir='ltr'>eeuseerum</span> <span class='ocrx_word' id='word_1_93' title='bbox 991 2139 1072 2210; x_wconf 76' lang='lat' dir='ltr'>Atqpt</span> <span class='ocrx_word' id='word_1_94' title='bbox 1098 2150 1140 2198; x_wconf 78' lang='lat' dir='ltr'>epo</span> <span class='ocrx_word' id='word_1_95' title='bbox 1167 2149 1223 2183; x_wconf 76' lang='lat' dir='ltr'>curu</span> <span class='ocrx_word' id='word_1_96' title='bbox 1252 2134 1362 2182; x_wconf 70' lang='lat' dir='ltr'>Graecos</span> <span class='ocrx_word' id='word_1_97' title='bbox 1383 2127 1515 2191; x_wconf 78' lang='lat' dir='ltr'>facerem.</span> 
     </span>
     <span class='ocr_line' id='line_1_15' title="bbox 367 2208 1517 2284; baseline -0.014 -17"><span class='ocrx_word' id='word_1_98' title='bbox 367 2220 464 2284; x_wconf 88' lang='lat' dir='ltr'>patroni</span> <span class='ocrx_word' id='word_1_99' title='bbox 480 2220 565 2268; x_wconf 90' lang='lat' dir='ltr'>eodem</span> <span class='ocrx_word' id='word_1_100' title='bbox 588 2217 649 2264; x_wconf 78' lang='lat' dir='ltr'>vitio</span> <span class='ocrx_word' id='word_1_101' title='bbox 669 2215 827 2271; x_wconf 87' lang='lat' dir='ltr'>laborabant,</span> <span class='ocrx_word' id='word_1_102' title='bbox 846 2212 916 2260; x_wconf 87' lang='lat' dir='ltr'>semi·</span> <span class='ocrx_word' id='word_1_103' title='bbox 958 2217 1066 2268; x_wconf 67' lang='lat' dir='ltr'>Graecos</span> <span class='ocrx_word' id='word_1_104' title='bbox 1092 2228 1178 2262; x_wconf 79' lang='lat' dir='ltr'>versus</span> <span class='ocrx_word' id='word_1_105' title='bbox 1200 2210 1279 2260; x_wconf 78' lang='lat' dir='ltr'>facere</span> <span class='ocrx_word' id='word_1_106' title='bbox 1295 2208 1352 2272; x_wconf 84' lang='lat' dir='ltr'>plus</span> <span class='ocrx_word' id='word_1_107' title='bbox 1369 2213 1416 2263; x_wconf 88' lang='lat' dir='ltr'>est,</span> <span class='ocrx_word' id='word_1_108' title='bbox 1435 2219 1517 2269; x_wconf 83' lang='lat' dir='ltr'>qnam</span> 
     </span>
     <span class='ocr_line' id='line_1_16' title="bbox 367 2285 1518 2357; baseline -0.022 -1"><span class='ocrx_word' id='word_1_109' title='bbox 367 2299 442 2347; x_wconf 81' lang='lat' dir='ltr'>latine</span> <span class='ocrx_word' id='word_1_110' title='bbox 464 2306 488 2347; x_wconf 79' lang='lat' dir='ltr'>et</span> <span class='ocrx_word' id='word_1_111' title='bbox 509 2296 674 2346; x_wconf 75' lang='lat' dir='ltr'>aemifraeeiee</span> <span class='ocrx_word' id='word_1_112' title='bbox 698 2294 838 2357; x_wconf 80' lang='lat' dir='ltr'>loquentes,</span> <span class='ocrx_word' id='word_1_113' title='bbox 866 2307 917 2340; x_wconf 87' lang='lat' dir='ltr'>non</span> <span class='ocrx_word' id='word_1_114' title='bbox 959 2296 1055 2347; x_wconf 74' lang='lat' dir='ltr'>Graeca</span> <span class='ocrx_word' id='word_1_115' title='bbox 1071 2293 1169 2343; x_wconf 79' lang='lat' dir='ltr'>Latinis</span> <span class='ocrx_word' id='word_1_116' title='bbox 1187 2290 1269 2339; x_wconf 81' lang='lat' dir='ltr'>verbis</span> <span class='ocrx_word' id='word_1_117' title='bbox 1290 2287 1404 2336; x_wconf 80' lang='lat' dir='ltr'>miseere.</span> <span class='ocrx_word' id='word_1_118' title='bbox 1431 2285 1518 2348; x_wconf 66' lang='lat' dir='ltr'>Atqui·</span> 
     </span>
     <span class='ocr_line' id='line_1_17' title="bbox 369 2365 1518 2440; baseline -0.017 -9"><span class='ocrx_word' id='word_1_119' title='bbox 369 2377 504 2440; x_wconf 75' lang='lat' dir='ltr'>bilingues,</span> <span class='ocrx_word' id='word_1_120' title='bbox 531 2376 573 2424; x_wconf 79' lang='lat' dir='ltr'>sed</span> <span class='ocrx_word' id='word_1_121' title='bbox 594 2374 732 2437; x_wconf 75' lang='lat' dir='ltr'>trilingues·</span> <span class='ocrx_word' id='word_1_122' title='bbox 765 2371 917 2435; x_wconf 75' lang='lat' dir='ltr'>Exemplum</span> <span class='ocrx_word' id='word_1_123' title='bbox 958 2377 1051 2439; x_wconf 88' lang='lat' dir='ltr'>legitur</span> <span class='ocrx_word' id='word_1_124' title='bbox 1067 2375 1094 2422; x_wconf 92' lang='lat' dir='ltr'>in</span> <span class='ocrx_word' id='word_1_125' title='bbox 1111 2371 1190 2422; x_wconf 86' lang='lat' dir='ltr'>MSS.</span> <span class='ocrx_word' id='word_1_126' title='bbox 1208 2369 1363 2435; x_wconf 88' lang='lat' dir='ltr'>quibusdam.</span> <span class='ocrx_word' id='word_1_127' title='bbox 1398 2365 1458 2414; x_wconf 85' lang='lat' dir='ltr'>Hoc</span> <span class='ocrx_word' id='word_1_128' title='bbox 1476 2377 1518 2412; x_wconf 83' lang='lat' dir='ltr'>ar·</span> 
     </span>
     <span class='ocr_line' id='line_1_18' title="bbox 369 2443 1519 2520; baseline -0.018 -7"><span class='ocrx_word' id='word_1_129' title='bbox 369 2456 558 2519; x_wconf 66' lang='lat' dir='ltr'>Middelgeestiu</span> <span class='ocrx_word' id='word_1_130' title='bbox 575 2455 680 2503; x_wconf 73' lang='lat' dir='ltr'>Petrum</span> <span class='ocrx_word' id='word_1_131' title='bbox 697 2453 821 2512; x_wconf 86' lang='lat' dir='ltr'>Grotium,</span> <span class='ocrx_word' id='word_1_132' title='bbox 833 2451 918 2514; x_wconf 75' lang='lat' dir='ltr'>magui</span> <span class='ocrx_word' id='word_1_133' title='bbox 959 2455 1171 2520; x_wconf 82' lang='lat' dir='ltr'>gumentationem</span> <span class='ocrx_word' id='word_1_134' title='bbox 1182 2451 1272 2499; x_wconf 86' lang='lat' dir='ltr'>melius</span> <span class='ocrx_word' id='word_1_135' title='bbox 1281 2446 1414 2498; x_wconf 89' lang='lat' dir='ltr'>concludit.</span> <span class='ocrx_word' id='word_1_136' title='bbox 1428 2443 1519 2507; x_wconf 81' lang='lat' dir='ltr'>Atque</span> 
     </span>
     <span class='ocr_line' id='line_1_19' title="bbox 369 2524 1517 2597; baseline -0.018 -5"><span class='ocrx_word' id='word_1_137' title='bbox 369 2534 486 2597; x_wconf 70' lang='lat' dir='ltr'>Hugouis</span> <span class='ocrx_word' id='word_1_138' title='bbox 507 2533 601 2593; x_wconf 73' lang='lat' dir='ltr'>fillum,</span> <span class='ocrx_word' id='word_1_139' title='bbox 632 2531 797 2587; x_wconf 64' lang='lat' dir='ltr'>defendentis,</span> <span class='ocrx_word' id='word_1_140' title='bbox 827 2544 917 2593; x_wconf 69' lang='lat' dir='ltr'>purum</span> <span class='ocrx_word' id='word_1_141' title='bbox 960 2524 1517 2594; x_wconf 82' lang='lat' dir='ltr'>Commentatoremquoquederiadeduxit:</span> 
     </span>
     <span class='ocr_line' id='line_1_20' title="bbox 370 2603 1518 2678; baseline -0.024 -1"><span class='ocrx_word' id='word_1_142' title='bbox 370 2613 455 2663; x_wconf 57' lang='lat' dir='ltr'>valuit·</span> <span class='ocrx_word' id='word_1_143' title='bbox 489 2613 523 2662; x_wconf 72' lang='lat' dir='ltr'>El</span> <span class='ocrx_word' id='word_1_144' title='bbox 547 2612 601 2675; x_wconf 76' lang='lat' dir='ltr'>‘luis</span> <span class='ocrx_word' id='word_1_145' title='bbox 624 2609 918 2674; x_wconf 64' lang='lat' dir='ltr'>¹1⁰Vlhq¹¹⁸¹1l⁰⁵¹¹d010</span> <span class='ocrx_word' id='word_1_146' title='bbox 960 2616 1114 2678; x_wconf 79' lang='lat' dir='ltr'>„Eleganter</span> <span class='ocrx_word' id='word_1_147' title='bbox 1138 2624 1165 2660; x_wconf 88' lang='lat' dir='ltr'>se</span> <span class='ocrx_word' id='word_1_148' title='bbox 1186 2625 1201 2658; x_wconf 87' lang='lat' dir='ltr'>a</span> <span class='ocrx_word' id='word_1_149' title='bbox 1227 2608 1333 2670; x_wconf 85' lang='lat' dir='ltr'>Quirino</span> <span class='ocrx_word' id='word_1_150' title='bbox 1357 2603 1518 2668; x_wconf 89' lang='lat' dir='ltr'>prohibitum</span> 
     </span>
     <span class='ocr_line' id='line_1_21' title="bbox 371 2683 1518 2758; baseline -0.014 -14"><span class='ocrx_word' id='word_1_151' title='bbox 371 2695 406 2744; x_wconf 94' lang='lat' dir='ltr'>illi</span> <span class='ocrx_word' id='word_1_152' title='bbox 421 2693 586 2758; x_wconf 79' lang='lat' dir='ltr'>pulcherrima</span> <span class='ocrx_word' id='word_1_153' title='bbox 610 2705 655 2740; x_wconf 87' lang='lat' dir='ltr'>sna</span> <span class='ocrx_word' id='word_1_154' title='bbox 671 2690 750 2739; x_wconf 86' lang='lat' dir='ltr'>oratio</span> <span class='ocrx_word' id='word_1_155' title='bbox 771 2689 916 2736; x_wconf 84' lang='lat' dir='ltr'>constiterit!</span> <span class='ocrx_word' id='word_1_156' title='bbox 938 2704 941 2711; x_wconf 90' lang='lat'>·</span> <span class='ocrx_word' id='word_1_157' title='bbox 961 2697 1011 2754; x_wconf 61' lang='lat' dir='ltr'>ait,</span> <span class='ocrx_word' id='word_1_158' title='bbox 1029 2694 1125 2744; x_wconf 59' lang='lat' dir='ltr'>Graeca</span> <span class='ocrx_word' id='word_1_159' title='bbox 1141 2691 1245 2739; x_wconf 77' lang='lat' dir='ltr'>miscere</span> <span class='ocrx_word' id='word_1_160' title='bbox 1262 2685 1367 2737; x_wconf 76' lang='lat' dir='ltr'>Latinae</span> <span class='ocrx_word' id='word_1_161' title='bbox 1382 2683 1518 2746; x_wconf 84' lang='lat' dir='ltr'>linguae.“</span> 
     </span>
     <span class='ocr_line' id='line_1_22' title="bbox 372 2763 1519 2837; baseline -0.023 -15"><span class='ocrx_word' id='word_1_162' title='bbox 372 2773 496 2837; x_wconf 83' lang='lat' dir='ltr'>Equidem</span> <span class='ocrx_word' id='word_1_163' title='bbox 512 2773 538 2820; x_wconf 92' lang='lat' dir='ltr'>in</span> <span class='ocrx_word' id='word_1_164' title='bbox 556 2771 637 2820; x_wconf 84' lang='lat' dir='ltr'>Satira</span> <span class='ocrx_word' id='word_1_165' title='bbox 653 2771 732 2819; x_wconf 87' lang='lat' dir='ltr'>dicere</span> <span class='ocrx_word' id='word_1_166' title='bbox 748 2784 799 2817; x_wconf 90' lang='lat' dir='ltr'>non</span> <span class='ocrx_word' id='word_1_167' title='bbox 811 2782 917 2817; x_wconf 87' lang='lat' dir='ltr'>vererer:</span> <span class='ocrx_word' id='word_1_168' title='bbox 997 2775 1127 2836; x_wconf 55' lang='lat' dir='ltr'>Turpidus</span> <span class='ocrx_word' id='word_1_169' title='bbox 1138 2765 1423 2832; x_wconf 59' lang='lat' dir='ltr'>Alptnmtupuzatdum</span> <span class='ocrx_word' id='word_1_170' title='bbox 1433 2763 1519 2810; x_wconf 62' lang='lat' dir='ltr'>Mem.</span> 
     </span>
     <span class='ocr_line' id='line_1_23' title="bbox 374 2841 1521 2922; baseline -0.011 -19"><span class='ocrx_word' id='word_1_171' title='bbox 374 2852 576 2916; x_wconf 84' lang='lat' dir='ltr'>Middelgeestius</span> <span class='ocrx_word' id='word_1_172' title='bbox 604 2865 717 2899; x_wconf 74' lang='lat' dir='ltr'>eaumam</span> <span class='ocrx_word' id='word_1_173' title='bbox 755 2850 921 2922; x_wconf 77' lang='lat' dir='ltr'>Neertuudice</span> <span class='ocrx_word' id='word_1_174' title='bbox 961 2869 1041 2909; x_wconf 69' lang='lat' dir='ltr'>nona,</span> <span class='ocrx_word' id='word_1_175' title='bbox 1058 2855 1165 2912; x_wconf 77' lang='lat' dir='ltr'>danique</span> <span class='ocrx_word' id='word_1_176' title='bbox 1183 2846 1297 2909; x_wconf 77' lang='lat' dir='ltr'>Defiuptt</span> <span class='ocrx_word' id='word_1_177' title='bbox 1315 2843 1399 2892; x_wconf 74' lang='lat' dir='ltr'>nunt</span> <span class='ocrx_word' id='word_1_178' title='bbox 1417 2841 1521 2890; x_wconf 78' lang='lat' dir='ltr'>luteum</span> 
     </span>
     <span class='ocr_line' id='line_1_24' title="bbox 374 2921 1520 2995; baseline -0.022 -4"><span class='ocrx_word' id='word_1_179' title='bbox 374 2935 514 2983; x_wconf 66' lang='lat' dir='ltr'>exululavit·</span> <span class='ocrx_word' id='word_1_180' title='bbox 962 2938 1045 2995; x_wconf 84' lang='lat' dir='ltr'>caput.</span> <span class='ocrx_word' id='word_1_181' title='bbox 1063 2930 1182 2980; x_wconf 83' lang='lat' dir='ltr'>Horatius</span> <span class='ocrx_word' id='word_1_182' title='bbox 1190 2929 1217 2975; x_wconf 90' lang='lat' dir='ltr'>in</span> <span class='ocrx_word' id='word_1_183' title='bbox 1228 2927 1323 2988; x_wconf 82' lang='lat' dir='ltr'>Alpino</span> <span class='ocrx_word' id='word_1_184' title='bbox 1330 2921 1430 2985; x_wconf 78' lang='lat' dir='ltr'>potum</span> <span class='ocrx_word' id='word_1_185' title='bbox 1439 2932 1520 2983; x_wconf 86' lang='lat' dir='ltr'>quen-</span> 
     </span>
     <span class='ocr_line' id='line_1_25' title="bbox 354 3001 1520 3074; baseline -0.01 -18"><span class='ocrx_word' id='word_1_186' title='bbox 354 3051 357 3056; x_wconf 91' lang='lat'>.</span> <span class='ocrx_word' id='word_1_187' title='bbox 411 3015 492 3061; x_wconf 79' lang='lat' dir='ltr'>Verba</span> <span class='ocrx_word' id='word_1_188' title='bbox 502 3011 574 3074; x_wconf 80' lang='lat' dir='ltr'>forte</span> <span class='ocrx_word' id='word_1_189' title='bbox 595 3009 677 3056; x_wconf 82' lang='lat' dir='ltr'>mutis.</span> <span class='ocrx_word' id='word_1_190' title='bbox 711 3006 838 3056; x_wconf 74' lang='lat' dir='ltr'>Sententia</span> <span class='ocrx_word' id='word_1_191' title='bbox 859 3001 921 3051; x_wconf 90' lang='lat' dir='ltr'>mihi</span> <span class='ocrx_word' id='word_1_192' title='bbox 962 3013 1020 3060; x_wconf 59' lang='lat' dir='ltr'>dam</span> <span class='ocrx_word' id='word_1_193' title='bbox 1038 3011 1168 3073; x_wconf 56' lang='lat' dir='ltr'>tumidum</span> <span class='ocrx_word' id='word_1_194' title='bbox 1184 3005 1281 3068; x_wconf 71' lang='lat' dir='ltr'>tetigit,</span> <span class='ocrx_word' id='word_1_195' title='bbox 1302 3017 1390 3068; x_wconf 73' lang='lat' dir='ltr'>nempe</span> <span class='ocrx_word' id='word_1_196' title='bbox 1407 3005 1520 3053; x_wconf 76' lang='lat' dir='ltr'>Furium</span> 
     </span>
     <span class='ocr_line' id='line_1_26' title="bbox 375 3083 1520 3156; baseline -0.011 -17"><span class='ocrx_word' id='word_1_197' title='bbox 375 3092 474 3156; x_wconf 91' lang='lat' dir='ltr'>quidem</span> <span class='ocrx_word' id='word_1_198' title='bbox 490 3088 614 3137; x_wconf 85' lang='lat' dir='ltr'>intellectu</span> <span class='ocrx_word' id='word_1_199' title='bbox 630 3094 693 3135; x_wconf 88' lang='lat' dir='ltr'>essct</span> <span class='ocrx_word' id='word_1_200' title='bbox 710 3085 810 3141; x_wconf 87' lang='lat' dir='ltr'>facilior,</span> <span class='ocrx_word' id='word_1_201' title='bbox 828 3085 848 3132; x_wconf 90' lang='lat' dir='ltr'>si</span> <span class='ocrx_word' id='word_1_202' title='bbox 855 3084 920 3144; x_wconf 83' lang='lat' dir='ltr'>lege·</span> <span class='ocrx_word' id='word_1_203' title='bbox 963 3088 1125 3147; x_wconf 60' lang='lat' dir='ltr'>maculam,</span> <span class='ocrx_word' id='word_1_204' title='bbox 1142 3094 1170 3136; x_wconf 85' lang='lat' dir='ltr'>ut</span> <span class='ocrx_word' id='word_1_205' title='bbox 1187 3087 1236 3134; x_wconf 71' lang='lat' dir='ltr'>iam</span> <span class='ocrx_word' id='word_1_206' title='bbox 1253 3083 1382 3132; x_wconf 81' lang='lat' dir='ltr'>Bentleins</span> <span class='ocrx_word' id='word_1_207' title='bbox 1399 3083 1520 3146; x_wconf 73' lang='lat' dir='ltr'>putabat,</span> 
     </span>
     <span class='ocr_line' id='line_1_27' title="bbox 376 3162 1521 3233; baseline -0.01 -15"><span class='ocrx_word' id='word_1_208' title='bbox 376 3177 444 3218; x_wconf 87' lang='lat' dir='ltr'>retur</span> <span class='ocrx_word' id='word_1_209' title='bbox 461 3170 555 3216; x_wconf 69' lang='lat' dir='ltr'>viratim.</span> <span class='ocrx_word' id='word_1_210' title='bbox 585 3166 703 3215; x_wconf 83' lang='lat' dir='ltr'>Horatius</span> <span class='ocrx_word' id='word_1_211' title='bbox 720 3165 755 3212; x_wconf 86' lang='lat' dir='ltr'>ita</span> <span class='ocrx_word' id='word_1_212' title='bbox 771 3178 828 3211; x_wconf 86' lang='lat' dir='ltr'>oum</span> <span class='ocrx_word' id='word_1_213' title='bbox 844 3162 921 3210; x_wconf 82' lang='lat' dir='ltr'>admi·</span> <span class='ocrx_word' id='word_1_214' title='bbox 964 3171 1023 3233; x_wconf 71' lang='lat' dir='ltr'>quia</span> <span class='ocrx_word' id='word_1_215' title='bbox 1039 3168 1145 3217; x_wconf 72' lang='lat' dir='ltr'>eundem</span> <span class='ocrx_word' id='word_1_216' title='bbox 1167 3166 1227 3214; x_wconf 74' lang='lat' dir='ltr'>alibi</span> <span class='ocrx_word' id='word_1_217' title='bbox 1249 3163 1335 3211; x_wconf 87' lang='lat' dir='ltr'>irridet</span> <span class='ocrx_word' id='word_1_218' title='bbox 1356 3163 1387 3211; x_wconf 90' lang='lat' dir='ltr'>ob</span> <span class='ocrx_word' id='word_1_219' title='bbox 1413 3177 1521 3212; x_wconf 78' lang='lat' dir='ltr'>versum</span> 
     </span>
     <span class='ocr_line' id='line_1_28' title="bbox 377 3243 1522 3308; baseline -0.005 -10"><span class='ocrx_word' id='word_1_220' title='bbox 377 3256 458 3298; x_wconf 88' lang='lat' dir='ltr'>ratore</span> <span class='ocrx_word' id='word_1_221' title='bbox 483 3246 571 3297; x_wconf 89' lang='lat' dir='ltr'>Lucilii</span> <span class='ocrx_word' id='word_1_222' title='bbox 602 3246 724 3308; x_wconf 87' lang='lat' dir='ltr'>disputet:</span> <span class='ocrx_word' id='word_1_223' title='bbox 752 3245 786 3293; x_wconf 91' lang='lat' dir='ltr'>A.</span> <span class='ocrx_word' id='word_1_224' title='bbox 812 3243 922 3293; x_wconf 72' lang='lat' dir='ltr'>Lucilius</span> <span class='ocrx_word' id='word_1_225' title='bbox 964 3249 1028 3298; x_wconf 88' lang='lat' dir='ltr'>male</span> <span class='ocrx_word' id='word_1_226' title='bbox 1053 3254 1153 3296; x_wconf 86' lang='lat' dir='ltr'>natum:</span> <span class='ocrx_word' id='word_1_227' title='bbox 1182 3248 1287 3308; x_wconf 77' lang='lat' dir='ltr'>Iupiter</span> <span class='ocrx_word' id='word_1_228' title='bbox 1313 3245 1430 3291; x_wconf 79' lang='lat' dir='ltr'>hibernus</span> <span class='ocrx_word' id='word_1_229' title='bbox 1453 3258 1522 3292; x_wconf 79' lang='lat' dir='ltr'>cuna</span> 
     </span>
     <span class='ocr_line' id='line_1_29' title="bbox 377 3322 1522 3392; baseline -0.011 -8"><span class='ocrx_word' id='word_1_230' title='bbox 377 3343 496 3392; x_wconf 64' lang='lat' dir='ltr'>maguum</span> <span class='ocrx_word' id='word_1_231' title='bbox 521 3327 589 3383; x_wconf 71' lang='lat' dir='ltr'>fecit,</span> <span class='ocrx_word' id='word_1_232' title='bbox 614 3325 680 3388; x_wconf 63' lang='lat' dir='ltr'>qu⁰tl</span> <span class='ocrx_word' id='word_1_233' title='bbox 705 3323 801 3373; x_wconf 62' lang='lat' dir='ltr'>Graece</span> <span class='ocrx_word' id='word_1_234' title='bbox 824 3323 921 3372; x_wconf 58' lang='lat' dir='ltr'>Ietinis</span> <span class='ocrx_word' id='word_1_235' title='bbox 964 3331 1020 3377; x_wconf 81' lang='lat' dir='ltr'>uiue</span> <span class='ocrx_word' id='word_1_236' title='bbox 1044 3328 1161 3388; x_wconf 79' lang='lat' dir='ltr'>conspuit</span> <span class='ocrx_word' id='word_1_237' title='bbox 1185 3327 1275 3387; x_wconf 79' lang='lat' dir='ltr'>Alpes:</span> <span class='ocrx_word' id='word_1_238' title='bbox 1302 3322 1344 3370; x_wconf 90' lang='lat' dir='ltr'>ubi</span> <span class='ocrx_word' id='word_1_239' title='bbox 1366 3322 1451 3385; x_wconf 88' lang='lat' dir='ltr'>lepide</span> <span class='ocrx_word' id='word_1_240' title='bbox 1473 3337 1522 3386; x_wconf 90' lang='lat' dir='ltr'>pro</span> 
     </span>
     <span class='ocr_line' id='line_1_30' title="bbox 378 3401 1521 3469; baseline -0.009 -7"><span class='ocrx_word' id='word_1_241' title='bbox 378 3405 517 3457; x_wconf 90' lang='lat' dir='ltr'>immiscuit.</span> <span class='ocrx_word' id='word_1_242' title='bbox 538 3407 572 3455; x_wconf 86' lang='lat' dir='ltr'>H·</span> <span class='ocrx_word' id='word_1_243' title='bbox 585 3406 696 3454; x_wconf 66' lang='lat' dir='ltr'>Putasne</span> <span class='ocrx_word' id='word_1_244' title='bbox 710 3418 843 3466; x_wconf 66' lang='lat' dir='ltr'>maguum,</span> <span class='ocrx_word' id='word_1_245' title='bbox 857 3401 923 3464; x_wconf 75' lang='lat' dir='ltr'>qu⁰d</span> <span class='ocrx_word' id='word_1_246' title='bbox 966 3410 1068 3469; x_wconf 77' lang='lat' dir='ltr'>Iupiter</span> <span class='ocrx_word' id='word_1_247' title='bbox 1084 3407 1165 3469; x_wconf 87' lang='lat' dir='ltr'>ipsum</span> <span class='ocrx_word' id='word_1_248' title='bbox 1180 3419 1271 3453; x_wconf 88' lang='lat' dir='ltr'>nomen</span> <span class='ocrx_word' id='word_1_249' title='bbox 1288 3402 1403 3452; x_wconf 77' lang='lat' dir='ltr'>Bibaculi</span> <span class='ocrx_word' id='word_1_250' title='bbox 1419 3402 1521 3465; x_wconf 88' lang='lat' dir='ltr'>posuit:</span> 
     </span>
     <span class='ocr_line' id='line_1_31' title="bbox 377 3481 1523 3552; baseline -0.003 -17"><span class='ocrx_word' id='word_1_251' title='bbox 377 3504 482 3552; x_wconf 86' lang='lat' dir='ltr'>parvum</span> <span class='ocrx_word' id='word_1_252' title='bbox 499 3492 537 3536; x_wconf 86' lang='lat' dir='ltr'>est</span> <span class='ocrx_word' id='word_1_253' title='bbox 561 3483 727 3534; x_wconf 83' lang='lat' dir='ltr'>Pitholeonti?</span> <span class='ocrx_word' id='word_1_254' title='bbox 752 3484 786 3531; x_wconf 88' lang='lat' dir='ltr'>A.</span> <span class='ocrx_word' id='word_1_255' title='bbox 804 3484 842 3530; x_wconf 88' lang='lat' dir='ltr'>At</span> <span class='ocrx_word' id='word_1_256' title='bbox 858 3481 923 3530; x_wconf 86' lang='lat' dir='ltr'>mix·</span> <span class='ocrx_word' id='word_1_257' title='bbox 967 3487 1064 3534; x_wconf 80' lang='lat' dir='ltr'>Furius</span> <span class='ocrx_word' id='word_1_258' title='bbox 1090 3488 1207 3534; x_wconf 77' lang='lat' dir='ltr'>hibernae</span> <span class='ocrx_word' id='word_1_259' title='bbox 1231 3499 1296 3533; x_wconf 83' lang='lat' dir='ltr'>cuna</span> <span class='ocrx_word' id='word_1_260' title='bbox 1321 3484 1378 3530; x_wconf 83' lang='lat' dir='ltr'>uice</span> <span class='ocrx_word' id='word_1_261' title='bbox 1398 3483 1523 3544; x_wconf 77' lang='lat' dir='ltr'>conspuit</span> 
     </span>
     <span class='ocr_line' id='line_1_32' title="bbox 377 3561 1522 3628; baseline -0.005 -12"><span class='ocrx_word' id='word_1_262' title='bbox 377 3577 418 3616; x_wconf 80' lang='lat' dir='ltr'>tus</span> <span class='ocrx_word' id='word_1_263' title='bbox 435 3581 515 3616; x_wconf 85' lang='lat' dir='ltr'>sermo</span> <span class='ocrx_word' id='word_1_264' title='bbox 532 3571 569 3613; x_wconf 85' lang='lat' dir='ltr'>est</span> <span class='ocrx_word' id='word_1_265' title='bbox 585 3564 692 3613; x_wconf 78' lang='lat' dir='ltr'>suavior.</span> <span class='ocrx_word' id='word_1_266' title='bbox 715 3562 748 3610; x_wconf 87' lang='lat' dir='ltr'>H.</span> <span class='ocrx_word' id='word_1_267' title='bbox 765 3561 796 3609; x_wconf 88' lang='lat' dir='ltr'>In</span> <span class='ocrx_word' id='word_1_268' title='bbox 809 3561 924 3618; x_wconf 82' lang='lat' dir='ltr'>eermiue,</span> <span class='ocrx_word' id='word_1_269' title='bbox 967 3567 1049 3628; x_wconf 79' lang='lat' dir='ltr'>Alpes.</span> <span class='ocrx_word' id='word_1_270' title='bbox 1079 3564 1171 3612; x_wconf 82' lang='lat' dir='ltr'>Furius</span> <span class='ocrx_word' id='word_1_271' title='bbox 1193 3563 1240 3611; x_wconf 85' lang='lat' dir='ltr'>isto</span> <span class='ocrx_word' id='word_1_272' title='bbox 1263 3576 1338 3610; x_wconf 85' lang='lat' dir='ltr'>versu</span> <span class='ocrx_word' id='word_1_273' title='bbox 1358 3561 1425 3608; x_wconf 84' lang='lat' dir='ltr'>risus</span> <span class='ocrx_word' id='word_1_274' title='bbox 1443 3561 1522 3610; x_wconf 89' lang='lat' dir='ltr'>iocos-</span> 
     </span>
     <span class='ocr_line' id='line_1_33' title="bbox 378 3639 1522 3708; baseline -0.006 -13"><span class='ocrx_word' id='word_1_275' title='bbox 378 3662 411 3695; x_wconf 87' lang='lat' dir='ltr'>an</span> <span class='ocrx_word' id='word_1_276' title='bbox 427 3652 452 3695; x_wconf 89' lang='lat' dir='ltr'>et</span> <span class='ocrx_word' id='word_1_277' title='bbox 468 3647 493 3694; x_wconf 91' lang='lat' dir='ltr'>in</span> <span class='ocrx_word' id='word_1_278' title='bbox 504 3659 590 3708; x_wconf 86' lang='lat' dir='ltr'>prosa,</span> <span class='ocrx_word' id='word_1_279' title='bbox 606 3657 663 3690; x_wconf 89' lang='lat' dir='ltr'>cum</span> <span class='ocrx_word' id='word_1_280' title='bbox 671 3655 758 3688; x_wconf 88' lang='lat' dir='ltr'>caussa</span> <span class='ocrx_word' id='word_1_281' title='bbox 770 3641 801 3688; x_wconf 89' lang='lat' dir='ltr'>sit</span> <span class='ocrx_word' id='word_1_282' title='bbox 813 3639 924 3701; x_wconf 84' lang='lat' dir='ltr'>agenda?</span> <span class='ocrx_word' id='word_1_283' title='bbox 965 3657 1013 3706; x_wconf 89' lang='lat' dir='ltr'>qne</span> <span class='ocrx_word' id='word_1_284' title='bbox 1038 3643 1105 3690; x_wconf 87' lang='lat' dir='ltr'>dedit</span> <span class='ocrx_word' id='word_1_285' title='bbox 1127 3642 1196 3690; x_wconf 88' lang='lat' dir='ltr'>istius</span> <span class='ocrx_word' id='word_1_286' title='bbox 1214 3642 1269 3690; x_wconf 87' lang='lat' dir='ltr'>aevi</span> <span class='ocrx_word' id='word_1_287' title='bbox 1290 3640 1376 3704; x_wconf 74' lang='lat' dir='ltr'>poetis.</span> <span class='ocrx_word' id='word_1_288' title='bbox 1410 3641 1469 3689; x_wconf 85' lang='lat' dir='ltr'>Iam</span> <span class='ocrx_word' id='word_1_289' title='bbox 1486 3654 1522 3689; x_wconf 87' lang='lat' dir='ltr'>ex</span> 
     </span>
     <span class='ocr_line' id='line_1_34' title="bbox 379 3718 1524 3784; baseline -0.007 -6"><span class='ocrx_word' id='word_1_290' title='bbox 379 3728 413 3777; x_wconf 74' lang='lat' dir='ltr'>A,</span> <span class='ocrx_word' id='word_1_291' title='bbox 429 3728 488 3777; x_wconf 86' lang='lat' dir='ltr'>Non</span> <span class='ocrx_word' id='word_1_292' title='bbox 505 3740 561 3772; x_wconf 90' lang='lat' dir='ltr'>sum</span> <span class='ocrx_word' id='word_1_293' title='bbox 577 3724 638 3769; x_wconf 88' lang='lat' dir='ltr'>adeo</span> <span class='ocrx_word' id='word_1_294' title='bbox 653 3723 759 3783; x_wconf 86' lang='lat' dir='ltr'>ineptus,</span> <span class='ocrx_word' id='word_1_295' title='bbox 776 3725 803 3766; x_wconf 90' lang='lat' dir='ltr'>ut</span> <span class='ocrx_word' id='word_1_296' title='bbox 819 3718 924 3766; x_wconf 83' lang='lat' dir='ltr'>Pedium</span> <span class='ocrx_word' id='word_1_297' title='bbox 968 3722 1115 3772; x_wconf 88' lang='lat' dir='ltr'>Scholiastis</span> <span class='ocrx_word' id='word_1_298' title='bbox 1132 3722 1249 3771; x_wconf 84' lang='lat' dir='ltr'>discimus</span> <span class='ocrx_word' id='word_1_299' title='bbox 1266 3721 1373 3770; x_wconf 78' lang='lat' dir='ltr'>Furium</span> <span class='ocrx_word' id='word_1_300' title='bbox 1390 3720 1524 3784; x_wconf 85' lang='lat' dir='ltr'>scripsisse</span> 
     </span>
     <span class='ocr_line' id='line_1_35' title="bbox 379 3798 1523 3860; baseline -0.004 -5"><span class='ocrx_word' id='word_1_301' title='bbox 379 3815 404 3855; x_wconf 89' lang='lat' dir='ltr'>et</span> <span class='ocrx_word' id='word_1_302' title='bbox 432 3804 566 3855; x_wconf 88' lang='lat' dir='ltr'>Mcssalam</span> <span class='ocrx_word' id='word_1_303' title='bbox 596 3816 649 3849; x_wconf 86' lang='lat' dir='ltr'>csse</span> <span class='ocrx_word' id='word_1_304' title='bbox 680 3800 764 3847; x_wconf 84' lang='lat' dir='ltr'>malim</span> <span class='ocrx_word' id='word_1_305' title='bbox 794 3798 924 3860; x_wconf 87' lang='lat' dir='ltr'>bilingues.</span> <span class='ocrx_word' id='word_1_306' title='bbox 966 3816 1066 3851; x_wconf 85' lang='lat' dir='ltr'>carmen</span> <span class='ocrx_word' id='word_1_307' title='bbox 1088 3803 1119 3850; x_wconf 89' lang='lat' dir='ltr'>de</span> <span class='ocrx_word' id='word_1_308' title='bbox 1142 3803 1216 3851; x_wconf 85' lang='lat' dir='ltr'>Bello</span> <span class='ocrx_word' id='word_1_309' title='bbox 1237 3803 1343 3850; x_wconf 79' lang='lat' dir='ltr'>Gallico.</span> <span class='ocrx_word' id='word_1_310' title='bbox 1377 3800 1409 3848; x_wconf 92' lang='lat' dir='ltr'>In</span> <span class='ocrx_word' id='word_1_311' title='bbox 1431 3801 1523 3850; x_wconf 89' lang='lat' dir='ltr'>eodem</span> 
     </span>
     <span class='ocr_line' id='line_1_36' title="bbox 380 3877 1526 3947; baseline -0.002 -14"><span class='ocrx_word' id='word_1_312' title='bbox 380 3886 413 3935; x_wconf 89' lang='lat' dir='ltr'>H.</span> <span class='ocrx_word' id='word_1_313' title='bbox 431 3884 511 3947; x_wconf 86' lang='lat' dir='ltr'>Atqui</span> <span class='ocrx_word' id='word_1_314' title='bbox 541 3883 682 3931; x_wconf 87' lang='lat' dir='ltr'>Romanum</span> <span class='ocrx_word' id='word_1_315' title='bbox 707 3879 777 3926; x_wconf 84' lang='lat' dir='ltr'>dccet</span> <span class='ocrx_word' id='word_1_316' title='bbox 806 3877 925 3926; x_wconf 88' lang='lat' dir='ltr'>abstinere</span> <span class='ocrx_word' id='word_1_317' title='bbox 966 3882 1076 3929; x_wconf 89' lang='lat' dir='ltr'>carmine</span> <span class='ocrx_word' id='word_1_318' title='bbox 1088 3883 1184 3929; x_wconf 85' lang='lat' dir='ltr'>luteum</span> <span class='ocrx_word' id='word_1_319' title='bbox 1196 3883 1280 3930; x_wconf 81' lang='lat' dir='ltr'>Rheui</span> <span class='ocrx_word' id='word_1_320' title='bbox 1292 3881 1526 3942; x_wconf 80' lang='lat' dir='ltr'>cuputdefiuxr&#39;sse,</span> 
     </span>
     <span class='ocr_line' id='line_1_37' title="bbox 380 3957 1523 4024; baseline -0.006 -9"><span class='ocrx_word' id='word_1_321' title='bbox 380 3964 481 4016; x_wconf 84' lang='lat' dir='ltr'>Graecis</span> <span class='ocrx_word' id='word_1_322' title='bbox 507 3961 599 4017; x_wconf 86' lang='lat' dir='ltr'>verbis,</span> <span class='ocrx_word' id='word_1_323' title='bbox 625 3973 675 4008; x_wconf 93' lang='lat' dir='ltr'>non</span> <span class='ocrx_word' id='word_1_324' title='bbox 699 3958 773 4006; x_wconf 90' lang='lat' dir='ltr'>modo</span> <span class='ocrx_word' id='word_1_325' title='bbox 796 3957 822 4004; x_wconf 90' lang='lat' dir='ltr'>in</span> <span class='ocrx_word' id='word_1_326' title='bbox 839 3972 926 4017; x_wconf 83' lang='lat' dir='ltr'>versu,</span> <span class='ocrx_word' id='word_1_327' title='bbox 967 3968 991 4009; x_wconf 86' lang='lat' dir='ltr'>et</span> <span class='ocrx_word' id='word_1_328' title='bbox 1016 3961 1067 4009; x_wconf 87' lang='lat' dir='ltr'>alia</span> <span class='ocrx_word' id='word_1_329' title='bbox 1091 3961 1122 4008; x_wconf 88' lang='lat' dir='ltr'>de</span> <span class='ocrx_word' id='word_1_330' title='bbox 1139 3960 1240 4018; x_wconf 88' lang='lat' dir='ltr'>Rheno,</span> <span class='ocrx_word' id='word_1_331' title='bbox 1264 3959 1342 4006; x_wconf 86' lang='lat' dir='ltr'>instar</span> <span class='ocrx_word' id='word_1_332' title='bbox 1367 3959 1446 4021; x_wconf 90' lang='lat' dir='ltr'>panni</span> <span class='ocrx_word' id='word_1_333' title='bbox 1462 3975 1523 4024; x_wconf 91' lang='lat' dir='ltr'>pur·</span> 
     </span>
     <span class='ocr_line' id='line_1_38' title="bbox 380 4037 1523 4104; baseline -0.003 -10"><span class='ocrx_word' id='word_1_334' title='bbox 380 4058 468 4094; x_wconf 86' lang='lat' dir='ltr'>verum</span> <span class='ocrx_word' id='word_1_335' title='bbox 485 4042 557 4091; x_wconf 89' lang='lat' dir='ltr'>ctiam</span> <span class='ocrx_word' id='word_1_336' title='bbox 575 4038 675 4087; x_wconf 91' lang='lat' dir='ltr'>omnino</span> <span class='ocrx_word' id='word_1_337' title='bbox 692 4052 742 4086; x_wconf 93' lang='lat' dir='ltr'>non</span> <span class='ocrx_word' id='word_1_338' title='bbox 752 4037 859 4086; x_wconf 87' lang='lat' dir='ltr'>Graecos</span> <span class='ocrx_word' id='word_1_339' title='bbox 872 4053 925 4086; x_wconf 86' lang='lat' dir='ltr'>ver·</span> <span class='ocrx_word' id='word_1_340' title='bbox 966 4041 1045 4103; x_wconf 88' lang='lat' dir='ltr'>purei,</span> <span class='ocrx_word' id='word_1_341' title='bbox 1061 4041 1151 4104; x_wconf 90' lang='lat' dir='ltr'>quihus</span> <span class='ocrx_word' id='word_1_342' title='bbox 1168 4040 1313 4088; x_wconf 89' lang='lat' dir='ltr'>nunclocus</span> <span class='ocrx_word' id='word_1_343' title='bbox 1330 4054 1381 4088; x_wconf 91' lang='lat' dir='ltr'>non</span> <span class='ocrx_word' id='word_1_344' title='bbox 1397 4049 1465 4100; x_wconf 87' lang='lat' dir='ltr'>erat,</span> <span class='ocrx_word' id='word_1_345' title='bbox 1483 4056 1523 4090; x_wconf 85' lang='lat' dir='ltr'>as·</span> 
     </span>
     <span class='ocr_line' id='line_1_39' title="bbox 381 4116 1523 4181; baseline -0.002 -9"><span class='ocrx_word' id='word_1_346' title='bbox 381 4140 423 4173; x_wconf 83' lang='lat' dir='ltr'>sus</span> <span class='ocrx_word' id='word_1_347' title='bbox 440 4123 526 4171; x_wconf 85' lang='lat' dir='ltr'>tacere.</span> <span class='ocrx_word' id='word_1_348' title='bbox 560 4119 615 4168; x_wconf 80' lang='lat' dir='ltr'>Hoc</span> <span class='ocrx_word' id='word_1_349' title='bbox 631 4132 671 4166; x_wconf 87' lang='lat' dir='ltr'>me</span> <span class='ocrx_word' id='word_1_350' title='bbox 689 4116 820 4180; x_wconf 72' lang='lat' dir='ltr'>aliquunde</span> <span class='ocrx_word' id='word_1_351' title='bbox 830 4121 925 4163; x_wconf 75' lang='lat' dir='ltr'>teuteu-</span> <span class='ocrx_word' id='word_1_352' title='bbox 966 4120 1045 4168; x_wconf 88' lang='lat' dir='ltr'>suisse</span> <span class='ocrx_word' id='word_1_353' title='bbox 1061 4120 1167 4168; x_wconf 80' lang='lat' dir='ltr'>videtur.</span> <span class='ocrx_word' id='word_1_354' title='bbox 1195 4120 1251 4181; x_wconf 87' lang='lat' dir='ltr'>Quo</span> <span class='ocrx_word' id='word_1_355' title='bbox 1271 4125 1381 4181; x_wconf 87' lang='lat' dir='ltr'>tempore</span> <span class='ocrx_word' id='word_1_356' title='bbox 1398 4119 1523 4171; x_wconf 81' lang='lat' dir='ltr'>Horatius</span> 
     </span>
     <span class='ocr_line' id='line_1_40' title="bbox 381 4198 1524 4262; baseline -0.001 -10"><span class='ocrx_word' id='word_1_357' title='bbox 381 4214 431 4252; x_wconf 88' lang='lat' dir='ltr'>tcm</span> <span class='ocrx_word' id='word_1_358' title='bbox 449 4201 568 4262; x_wconf 85' lang='lat' dir='ltr'>Quirinus</span> <span class='ocrx_word' id='word_1_359' title='bbox 580 4198 666 4247; x_wconf 87' lang='lat' dir='ltr'>vetuit.</span> <span class='ocrx_word' id='word_1_360' title='bbox 967 4202 1032 4249; x_wconf 88' lang='lat' dir='ltr'>hanc</span> <span class='ocrx_word' id='word_1_361' title='bbox 1049 4201 1160 4251; x_wconf 86' lang='lat' dir='ltr'>Satiram</span> <span class='ocrx_word' id='word_1_362' title='bbox 1172 4199 1304 4257; x_wconf 85' lang='lat' dir='ltr'>scribebat,</span> <span class='ocrx_word' id='word_1_363' title='bbox 1317 4199 1410 4247; x_wconf 82' lang='lat' dir='ltr'>Furius</span> <span class='ocrx_word' id='word_1_364' title='bbox 1423 4199 1524 4262; x_wconf 79' lang='lat' dir='ltr'>legerat</span> 
     </span>
     <span class='ocr_line' id='line_1_41' title="bbox 415 4274 1524 4344; baseline 0.003 -17"><span class='ocrx_word' id='word_1_365' title='bbox 415 4281 560 4330; x_wconf 85' lang='lat' dir='ltr'>Admirator</span> <span class='ocrx_word' id='word_1_366' title='bbox 576 4277 667 4328; x_wconf 87' lang='lat' dir='ltr'>Lucilii</span> <span class='ocrx_word' id='word_1_367' title='bbox 683 4275 787 4325; x_wconf 78' lang='lat' dir='ltr'>Horatio</span> <span class='ocrx_word' id='word_1_368' title='bbox 798 4275 829 4323; x_wconf 87' lang='lat' dir='ltr'>de</span> <span class='ocrx_word' id='word_1_369' title='bbox 841 4274 927 4337; x_wconf 76' lang='lat' dir='ltr'>lingue</span> <span class='ocrx_word' id='word_1_370' title='bbox 966 4295 1067 4329; x_wconf 87' lang='lat' dir='ltr'>carmen</span> <span class='ocrx_word' id='word_1_371' title='bbox 1085 4281 1111 4328; x_wconf 94' lang='lat' dir='ltr'>in</span> <span class='ocrx_word' id='word_1_372' title='bbox 1129 4294 1179 4344; x_wconf 92' lang='lat' dir='ltr'>quo</span> <span class='ocrx_word' id='word_1_373' title='bbox 1196 4280 1334 4328; x_wconf 84' lang='lat' dir='ltr'>Memnone</span> <span class='ocrx_word' id='word_1_374' title='bbox 1350 4279 1487 4342; x_wconf 83' lang='lat' dir='ltr'>iugulavit,</span> <span class='ocrx_word' id='word_1_375' title='bbox 1498 4290 1524 4330; x_wconf 87' lang='lat' dir='ltr'>et</span> 
     </span>
     <span class='ocr_line' id='line_1_42' title="bbox 382 4356 1522 4426; baseline 0 -15"><span class='ocrx_word' id='word_1_376' title='bbox 382 4371 486 4426; x_wconf 74' lang='lat' dir='ltr'>unaque</span> <span class='ocrx_word' id='word_1_377' title='bbox 501 4362 527 4409; x_wconf 89' lang='lat' dir='ltr'>in</span> <span class='ocrx_word' id='word_1_378' title='bbox 543 4359 651 4407; x_wconf 79' lang='lat' dir='ltr'>carmine</span> <span class='ocrx_word' id='word_1_379' title='bbox 668 4372 718 4406; x_wconf 90' lang='lat' dir='ltr'>non</span> <span class='ocrx_word' id='word_1_380' title='bbox 734 4356 864 4416; x_wconf 68' lang='lat' dir='ltr'>concessit,</span> <span class='ocrx_word' id='word_1_381' title='bbox 884 4371 926 4419; x_wconf 87' lang='lat' dir='ltr'>pa·</span> <span class='ocrx_word' id='word_1_382' title='bbox 967 4361 993 4409; x_wconf 91' lang='lat' dir='ltr'>in</span> <span class='ocrx_word' id='word_1_383' title='bbox 1010 4375 1059 4424; x_wconf 89' lang='lat' dir='ltr'>quo</span> <span class='ocrx_word' id='word_1_384' title='bbox 1080 4360 1175 4408; x_wconf 84' lang='lat' dir='ltr'>luteum</span> <span class='ocrx_word' id='word_1_385' title='bbox 1199 4359 1281 4409; x_wconf 89' lang='lat' dir='ltr'>Rheni</span> <span class='ocrx_word' id='word_1_386' title='bbox 1305 4365 1380 4421; x_wconf 87' lang='lat' dir='ltr'>capnt</span> <span class='ocrx_word' id='word_1_387' title='bbox 1405 4360 1522 4411; x_wconf 80' lang='lat' dir='ltr'>delinxit.</span> 
     </span>
     <span class='ocr_line' id='line_1_43' title="bbox 383 4437 1523 4498; baseline -0.003 -7"><span class='ocrx_word' id='word_1_388' title='bbox 383 4457 439 4491; x_wconf 89' lang='lat' dir='ltr'>rum</span> <span class='ocrx_word' id='word_1_389' title='bbox 456 4449 539 4488; x_wconf 81' lang='lat' dir='ltr'>autem</span> <span class='ocrx_word' id='word_1_390' title='bbox 560 4439 607 4487; x_wconf 91' lang='lat' dir='ltr'>sibi</span> <span class='ocrx_word' id='word_1_391' title='bbox 623 4437 762 4497; x_wconf 87' lang='lat' dir='ltr'>constabat,</span> <span class='ocrx_word' id='word_1_392' title='bbox 781 4437 883 4486; x_wconf 88' lang='lat' dir='ltr'>laudans</span> <span class='ocrx_word' id='word_1_393' title='bbox 900 4437 926 4484; x_wconf 91' lang='lat' dir='ltr'>in</span> <span class='ocrx_word' id='word_1_394' title='bbox 968 4441 1114 4490; x_wconf 79' lang='lat' dir='ltr'>Fueruntne</span> <span class='ocrx_word' id='word_1_395' title='bbox 1131 4439 1241 4488; x_wconf 85' lang='lat' dir='ltr'>carmina</span> <span class='ocrx_word' id='word_1_396' title='bbox 1257 4439 1368 4498; x_wconf 81' lang='lat' dir='ltr'>diuersa,</span> <span class='ocrx_word' id='word_1_397' title='bbox 1385 4453 1419 4486; x_wconf 86' lang='lat' dir='ltr'>an</span> <span class='ocrx_word' id='word_1_398' title='bbox 1436 4440 1523 4488; x_wconf 78' lang='lat' dir='ltr'>idem?</span> 
     </span>
     <span class='ocr_line' id='line_1_44' title="bbox 383 4516 1521 4583; baseline -0.003 -15"><span class='ocrx_word' id='word_1_399' title='bbox 383 4535 469 4578; x_wconf 83' lang='lat' dir='ltr'>versu,</span> <span class='ocrx_word' id='word_1_400' title='bbox 485 4519 560 4583; x_wconf 85' lang='lat' dir='ltr'>quod</span> <span class='ocrx_word' id='word_1_401' title='bbox 586 4521 613 4567; x_wconf 91' lang='lat' dir='ltr'>in</span> <span class='ocrx_word' id='word_1_402' title='bbox 641 4533 715 4582; x_wconf 85' lang='lat' dir='ltr'>prosa</span> <span class='ocrx_word' id='word_1_403' title='bbox 742 4518 813 4566; x_wconf 84' lang='lat' dir='ltr'>valde</span> <span class='ocrx_word' id='word_1_404' title='bbox 837 4517 926 4579; x_wconf 85' lang='lat' dir='ltr'>culpat.</span> <span class='ocrx_word' id='word_1_405' title='bbox 968 4520 1049 4568; x_wconf 89' lang='lat' dir='ltr'>Vetus</span> <span class='ocrx_word' id='word_1_406' title='bbox 1059 4519 1150 4570; x_wconf 66' lang='lat' dir='ltr'>Schola</span> <span class='ocrx_word' id='word_1_407' title='bbox 1162 4516 1309 4577; x_wconf 85' lang='lat' dir='ltr'>„Cornelius</span> <span class='ocrx_word' id='word_1_408' title='bbox 1319 4517 1431 4580; x_wconf 88' lang='lat' dir='ltr'>Alpinus</span> <span class='ocrx_word' id='word_1_409' title='bbox 1440 4517 1521 4567; x_wconf 91' lang='lat' dir='ltr'>Mem·</span> 
     </span>
     <span class='ocr_line' id='line_1_45' title="bbox 383 4597 1521 4662; baseline -0.004 -13"><span class='ocrx_word' id='word_1_410' title='bbox 383 4601 448 4650; x_wconf 87' lang='lat' dir='ltr'>Cum</span> <span class='ocrx_word' id='word_1_411' title='bbox 462 4599 581 4648; x_wconf 87' lang='lat' dir='ltr'>Horatius</span> <span class='ocrx_word' id='word_1_412' title='bbox 593 4606 703 4662; x_wconf 83' lang='lat' dir='ltr'>rogasset</span> <span class='ocrx_word' id='word_1_413' title='bbox 714 4613 754 4655; x_wconf 86' lang='lat' dir='ltr'>an,</span> <span class='ocrx_word' id='word_1_414' title='bbox 766 4606 794 4645; x_wconf 90' lang='lat' dir='ltr'>ut</span> <span class='ocrx_word' id='word_1_415' title='bbox 809 4598 926 4654; x_wconf 81' lang='lat' dir='ltr'>inversu,</span> <span class='ocrx_word' id='word_1_416' title='bbox 969 4612 1035 4647; x_wconf 90' lang='lat' dir='ltr'>nona</span> <span class='ocrx_word' id='word_1_417' title='bbox 1066 4597 1226 4648; x_wconf 84' lang='lat' dir='ltr'>chametris</span> <span class='ocrx_word' id='word_1_418' title='bbox 1257 4597 1370 4645; x_wconf 80' lang='lat' dir='ltr'>versibus</span> <span class='ocrx_word' id='word_1_419' title='bbox 1399 4597 1521 4647; x_wconf 86' lang='lat' dir='ltr'>nimirum</span> 
     </span>
     <span class='ocr_line' id='line_1_46' title="bbox 383 4676 1521 4742; baseline -0.006 -12"><span class='ocrx_word' id='word_1_420' title='bbox 383 4682 452 4730; x_wconf 86' lang='lat' dir='ltr'>itaet</span> <span class='ocrx_word' id='word_1_421' title='bbox 468 4681 493 4727; x_wconf 91' lang='lat' dir='ltr'>in</span> <span class='ocrx_word' id='word_1_422' title='bbox 510 4693 581 4742; x_wconf 86' lang='lat' dir='ltr'>prosa</span> <span class='ocrx_word' id='word_1_423' title='bbox 598 4678 710 4727; x_wconf 87' lang='lat' dir='ltr'>laudaret</span> <span class='ocrx_word' id='word_1_424' title='bbox 724 4679 818 4728; x_wconf 85' lang='lat' dir='ltr'>Graeca</span> <span class='ocrx_word' id='word_1_425' title='bbox 832 4676 927 4726; x_wconf 85' lang='lat' dir='ltr'>Latinis</span> <span class='ocrx_word' id='word_1_426' title='bbox 947 4728 949 4736; x_wconf 63' lang='grc'>,</span> <span class='ocrx_word' id='word_1_427' title='bbox 968 4677 1109 4742; x_wconf 85' lang='lat' dir='ltr'>descripsit,</span> <span class='ocrx_word' id='word_1_428' title='bbox 1132 4685 1156 4726; x_wconf 90' lang='lat' dir='ltr'>et</span> <span class='ocrx_word' id='word_1_429' title='bbox 1174 4677 1237 4725; x_wconf 86' lang='lat' dir='ltr'>helle</span> <span class='ocrx_word' id='word_1_430' title='bbox 1258 4678 1357 4739; x_wconf 78' lang='lat' dir='ltr'>iupulot</span> <span class='ocrx_word' id='word_1_431' title='bbox 1382 4677 1521 4725; x_wconf 78' lang='lat' dir='ltr'>Memnona</span> 
     </span>
    </p>
   </div>
   <div class='ocr_carea' id='block_1_6' title="bbox 0 0 1909 5759">
    <p class='ocr_par' dir='ltr' id='par_1_7' title="bbox 0 0 1909 5759">
     <span class='ocr_line' id='line_1_47' title="bbox 0 0 1909 5759; baseline 0 0"><span class='ocrx_word' id='word_1_432' title='bbox 0 0 1909 5759; x_wconf 95' lang='lat' dir='ltr'> </span> 
     </span>
    </p>
   </div>
  </div>
 </body>
</html>
