3750 5759
376 684 438 746 let

770 673 1115 740 SATIRARUM

424 871 486 936 Est
509 888 590 953 opus
615 867 715 946 hae,“
742 864 810 943 ait,
835 874 888 926 et:
915 861 1064 943 „valeas3
1089 882 1142 925 me
1166 860 1249 925 silva
1273 881 1438 946 carusque

423 975 524 1038 Tutus
548 971 589 1036 ab
614 968 744 1034 insidiis
769 966 859 1031 tenui
884 965 1044 1030 solabitur
1070 968 1179 1029 ervo.“

409 1111 455 1159 Me
475 1111 540 1158 silva
563 1121 685 1171 cavasque
717 1104 797 1154 Datus
813 1107 844 1153 nb
860 1104 920 1151 inei·

376 1192 427 1239 diis
445 1191 515 1238 tenui
526 1189 652 1237 solabitur
664 1201 727 1235 erro.
762 1184 843 1233 Pecus
854 1198 922 1240 ervo,

376 1269 508 1333 leguminis
539 1280 644 1330 genere,
673 1265 809 1327 saginatur.
852 1261 923 1312 Cous.

377 1348 473 1398 Fabric.
490 1346 522 1394 ad
539 1346 613 1408 Virg.
630 1343 684 1392 Ecl.
702 1343 753 1392 111.
775 1343 828 1392 100.
857 1342 924 1390 Hine

377 1429 486 1478 Plautus
520 1424 629 1475 Mostell.
662 1425 684 1473 I.
710 1438 727 1471 r.
753 1423 794 1471 59.
829 1423 924 1470 Ervom

377 1508 490 1558 daturiu'
518 1507 590 1563 estis,
624 1505 702 1552 bubus
728 1504 794 1564 quod
820 1503 924 1561 feram?

378 1589 448 1636 Idem
475 1584 578 1634 verbum
604 1589 664 1645 puto
693 1580 871 1628 restituendum
899 1579 925 1626 in

961 1103 1015 1151 loco
1038 1111 1153 1164 corrupto
1183 1101 1266 1152 Oasin.
1289 1102 1311 1151 Ι.
1337 1116 1354 1150 1.
1379 1101 1423 1151 38.
1453 1103 1520 1150 Post

963 1189 1048 1232 autem
1073 1183 1146 1240 ruri,
1167 1185 1220 1231 aaut
1241 1190 1271 1231 tu
1288 1197 1403 1232 acervom
1419 1182 1520 1242 duis,

965 1265 1033 1318 Aut,
1050 1263 1125 1324 quasi
1142 1263 1295 1318 lumbricus,
1313 1267 1421 1311 terrant.
1455 1260 1520 1310 For-

964 1349 1040 1390 tasse:
1060 1343 1233 1399 Postuertam,
1251 1343 1308 1388 ruri
1326 1340 1377 1388 uisi
1395 1344 1426 1387 tu
1434 1353 1521 1388 ervom

965 1423 1003 1470 uit
1022 1422 1107 1470 ederis.
1133 1419 1265 1469 Turnebus
1283 1418 1394 1482 legebat:
1420 1420 1474 1468 nisi
1491 1424 1521 1466 ut

966 1515 1049 1548 artures
1066 1501 1096 1548 de
1109 1515 1196 1549 usmaro
1213 1501 1299 1549 ederit.
1334 1497 1443 1548 Salmas.
1461 1513 1522 1548 acer

967 1581 1046 1628 boant.

867 1706 1027 1732 ⁴00*-

784 1841 995 1908 SATIRA
1041 1841 1116 1905 Vll.

425 1985 528 2063 „Iam
558 1991 682 2055 dudum
705 1988 854 2053 arisculto
889 1992 922 2049 et
945 1985 1079 2070 cupiens
1105 1984 1167 2049 tibi
1190 1985 1295 2050 dicere
1319 2009 1433 2052 servus

546 2147 682 2196 SATIRA
704 2146 769 2193 Vll.

409 2243 480 2326 [aua
506 2279 602 2326 dudum
623 2279 739 2337 ausculto
768 2282 793 2324 et
818 2275 922 2336 cupiens

378 2359 425 2406 tibi
441 2357 523 2404 diem
544 2371 632 2404 smus
665 2358 757 2403 Pauca
778 2352 922 2415 reformida.

377 2437 453 2486 Hunc
478 2450 591 2493 versum,
617 2436 653 2483 ait
673 2434 816 2490 Bentleius,
839 2441 863 2480 et
887 2446 923 2480 se·

379 2522 483 2580 quentes
491 2513 554 2562 mire
565 2515 693 2576 exagitant
705 2514 857 2575 interpretes,
865 2526 924 2574 quo·

378 2610 434 2643 rum
451 2594 492 2641 hie
510 2593 560 2641 fere
578 2601 614 2641 tot
636 2594 786 2650 sentcntiae,
809 2600 868 2655 quot
885 2606 924 2638 ca·

378 2675 436 2737 pita.
464 2673 526 2722 Post
542 2673 644 2735 longam
660 2672 851 2736 disputationem
868 2684 924 2718 eon·

376 2753 444 2802 iieit:
468 2753 527 2801 que
552 2754 648 2801 dudum
676 2753 716 2800 lu'e
732 2753 821 2810 adsto,
841 2756 867 2800 et
883 2764 924 2798 eu·

374 2835 446 2896 piena
462 2834 509 2882 tibi
525 2834 606 2882 dicere
621 2846 706 2879 cervus
738 2833 828 2879 Pauca
844 2829 924 2892 refer·

378 2914 453 2962 auida
486 2912 556 2961 Haec
572 2927 646 2975 porro
662 2910 783 2973 explicat:
807 2910 863 2958 Iam
880 2909 924 2955 du·

378 2991 439 3039 dnm
456 2990 566 3038 ausculto
586 2989 644 3048 tibi,
661 3002 800 3037 sermonem
816 2986 924 3049 superio

378 3083 431 3118 rem
459 3076 542 3117 tecum
559 3068 685 3126 recitanti;
712 3067 733 3115 si
753 3081 814 3130 pace
836 3072 880 3112 tua
895 3063 924 3111 li·

378 3154 443 3205 ceat,
459 3161 538 3210 pauca
559 3147 650 3204 habeo,
668 3161 731 3208 quae
753 3150 839 3193 contra
855 3157 924 3205 repo·

379 3239 445 3275 nam.
463 3226 532 3274 Tum
548 3225 637 3273 Dauus
654 3225 738 3273 omnia
751 3223 850 3280 refellit,
862 3237 925 3285 quae

379 3304 499 3354 Horatius
516 3306 546 3352 de
563 3319 589 3352 se
606 3304 716 3363 dixerat,
733 3305 798 3352 unde
815 3310 925 3366 apparet,

379 3385 443 3433 hanc
476 3393 501 3434 et
528 3385 714 3433 antecedentem
736 3384 842 3435 Satiram
872 3397 925 3431 esse

378 3479 469 3513 unanm
493 3472 518 3513 et
542 3465 568 3512 in
584 3464 670 3511 multis
690 3463 767 3514 MSS.
793 3478 843 3512 non
867 3470 925 3509 sunt

379 3543 480 3592 divisae.
514 3544 572 3606 Ego
587 3541 626 3590 hic
637 3542 713 3592 MSS.
724 3542 818 3605 aliquid
834 3542 924 3590 tribue-

380 3636 446 3679 rem,
470 3621 492 3669 si
508 3636 541 3669 ex
564 3621 646 3671 Satira
662 3621 703 3670 VI
726 3621 844 3668 sciremus
866 3622 925 3670 haee

380 3702 422 3763 agi
440 3701 620 3750 Saturnalibus.
649 3701 739 3749 Altum
761 3701 794 3748 ibi
816 3702 846 3748 de
864 3701 926 3750 festo

379 3780 516 3830 silentium.
532 3780 640 3829 Librarii
649 3788 732 3828 autem
738 3777 857 3828 Carmina
867 3796 925 3843 quo·

379 3874 429 3922 que
448 3873 521 3922 saepe
545 3873 612 3907 nune
637 3858 701 3907 male
731 3860 925 3918 coniunxerunt,

381 3953 447 3987 nune
463 3948 616 4000 separarunt.
652 3938 743 4000 Opinio
765 3939 873 3987 Bentleii
890 3955 926 3988 es·

379 4024 417 4066 set
433 4017 605 4074 verosimilior,
621 4018 643 4065 si
654 4017 748 4065 librarii
766 4017 927 4069 SatiramIII

380 4104 405 4146 et
421 4096 477 4148 VII
499 4097 693 4145 coniunxissent.
726 4098 768 4145 Ex
790 4097 926 4147 coniunctis

380 4177 437 4226 talis
462 4177 583 4226 sententia
613 4176 729 4224 oriretur:
756 4177 875 4226 Horatius
900 4194 926 4228 se

380 4271 422 4305 rus
439 4255 576 4305 contulerat
593 4255 651 4318 ipsis
669 4255 851 4305 Saturnalibus.
875 4258 926 4306 Da·

380 4337 506 4400 masippus
523 4350 581 4384 curn
598 4349 626 4383 eo
650 4335 805 4399 colloquens,
828 4346 925 4388 conten-

379 4415 428 4474 dit,
445 4430 513 4465 more
538 4415 635 4471 Stoico,
657 4429 742 4463 omnes
760 4415 872 4464 homines
889 4419 925 4466 in·

379 4495 469 4543 sanine.
502 4494 622 4542 Horatius
648 4495 747 4542 tandem
769 4503 856 4556 rogat,
877 4511 926 4559 quo

380 4573 455 4621 animi
473 4574 575 4622 vitiose
591 4573 702 4621 laborare
719 4582 822 4636 putaret.
850 4577 926 4624 Aedi·

381 4653 447 4711 licas,
459 4653 538 4715 iuquit
554 4654 727 4715 Damasippus,
740 4663 818 4701 rcrtas
832 4656 926 4717 uariari,

965 2126 1052 2160 versus
1064 2109 1124 2159 facis
1133 2110 1236 2168 otiaris,
1247 2112 1343 2162 cultum
1354 2112 1431 2162 habes
1440 2127 1518 2162 eamn

964 2191 1097 2247 maiorem,
1115 2204 1191 2238 amas.
1208 2182 1337 2250 Horitius,
1350 2191 1402 2240 iam
1419 2193 1518 2241 dudum

964 2270 1056 2328 iratus,
1081 2271 1263 2334 Damasippum
1289 2272 1324 2321 sie
1345 2273 1462 2322 dimittit:
1494 2276 1517 2324 0

965 2351 1046 2398 maior
1068 2352 1169 2399 taudem
1189 2365 1282 2412 parcus
1303 2353 1394 2401 imaue
1415 2355 1516 2403 minori.

965 2428 1054 2477 Davus
1079 2429 1156 2477 istum
1181 2443 1318 2479 sermonem
1335 2430 1436 2480 Horatii
1458 2447 1516 2482 eum

965 2508 1118 2571 Damasippo
1143 2509 1279 2559 audiverat.
1313 2510 1364 2559 Hie
1388 2526 1446 2560 cum
1464 2514 1514 2562 dis·

966 2588 1086 2644 cessisset,
1103 2602 1189 2636 servus
1210 2590 1348 2640 orationem
1363 2591 1431 2641 illius
1449 2593 1516 2642 exci-

967 2667 1011 2729 pit,
1028 2676 1053 2715 et
1069 2682 1129 2715 usus
1145 2669 1257 2718 libertate
1278 2670 1413 2719 Decembri
1437 2672 1516 2722 libere

967 2747 1086 2810 explicat,
1104 2750 1162 2812 quid
1179 2749 1226 2798 sibi
1243 2765 1339 2815 quoque
1356 2751 1382 2799 in
1399 2752 1461 2801 hero
1477 2767 1515 2802 re·

967 2827 1169 2888 prehendendum
1186 2830 1306 2879 videatur.
1325 2831 1447 2881 Horatius
1461 2839 1516 2881 tan·

967 2907 1023 2954 dem
1048 2908 1115 2956 hand
1139 2911 1223 2960 minus
1238 2926 1313 2974 qnam
1330 2918 1405 2960 antea
1425 2913 1517 2971 iratus,

967 2985 1069 3036 Davum
1086 3003 1183 3053 quoque
1200 2990 1314 3048 dimittit,
1330 2990 1446 3039 rusticius
1465 3006 1516 3041 ser·
1585 3050 1588 3055 ⁴

967 3080 1028 3112 vum
1037 3081 1112 3129 quam
1120 3068 1294 3132 philosophum
1303 3067 1426 3118 Stoicum:
1438 3071 1517 3121 oetas

968 3146 1027 3194 hine
1043 3152 1067 3194 te
1094 3148 1131 3195 Ni
1147 3149 1227 3210 rapis,
1247 3150 1344 3198 accedes
1360 3163 1438 3212 opero
1454 3165 1518 3214 apro

966 3240 1032 3273 uuna
1050 3226 1150 3276 Sabino.

999 3304 1021 3354 Ι.
1047 3304 1196 3368 Rutgersius
1221 3307 1373 3356 coniecerat:
1398 3309 1433 3358 H.
1456 3312 1516 3362 Iam

967 3384 1062 3432 dudum
1087 3388 1210 3434 ausculto.
1245 3385 1277 3435 D.
1295 3393 1323 3436 ut
1345 3392 1451 3452 cupitus
1468 3393 1516 3440 riti

967 3465 1048 3512 dicem
1056 3477 1140 3512 suoru
1157 3466 1249 3515 Pauca
1256 3466 1401 3529 reservatae.
1412 3468 1448 3516 H.
1458 3471 1516 3518 Du·

967 3544 1060 3590 ousiae?
1084 3542 1116 3591 D.
1129 3545 1174 3591 Itu
1187 3547 1282 3593 Ducar-
1300 3544 1439 3606 „Quamvis
1446 3548 1516 3607 haec,

968 3621 1001 3669 ait
1017 3621 1157 3681 Bentleius,
1182 3623 1284 3672 meliora
1308 3633 1367 3674 sunt
1388 3627 1514 3687 fortassis,

968 3716 1041 3764 quam
1064 3717 1127 3765 qnae
1148 3702 1225 3765 vulgo
1241 3704 1389 3764 afferuntur,
1413 3718 1516 3770 peceant

968 3787 1050 3829 tamen
1068 3781 1173 3843 etipsa,
1199 3797 1278 3847 neque
1299 3785 1364 3834 inter
1385 3801 1412 3835 se
1428 3788 1515 3837 cohae-

968 3869 1030 3908 rent.
1064 3860 1113 3921 Qui
1130 3863 1195 3910 enim
1213 3864 1264 3910 iam
1280 3867 1515 3916 duduruaueeultu·

970 3943 1022 4000 cit,
1047 3941 1100 3988 sine
1120 3941 1196 3991 dubio
1218 3944 1393 4006 interpellandi
1409 3947 1448 3994 sni
1472 3963 1515 4010 po

969 4025 1081 4068 testatem
1111 4022 1160 4069 iam
1188 4031 1260 4072 antea
1290 4024 1392 4074 fecerat:
1421 4033 1447 4074 et
1477 4027 1518 4076 hic

968 4099 1055 4161 quinto
1079 4102 1179 4149 demum
1204 4111 1260 4166 post
1290 4118 1364 4152 versu
1388 4109 1518 4156 narrandi

968 4179 1010 4226 dat
1028 4181 1132 4229 veniam.
1156 4183 1231 4231 Mitto
1248 4182 1309 4240 alia,
1323 4183 1453 4232 brevitatis
1465 4192 1516 4234 stu·

968 4259 1015 4318 dio,
1033 4274 1097 4322 qriae
1114 4262 1201 4310 nierito
1226 4263 1267 4310 hic
1291 4264 1440 4325 reprehendi
1461 4279 1516 4328 pos

968 4344 1045 4386 sent.“
1073 4339 1143 4400 Quae
1152 4342 1282 4390 Bentleius
1294 4342 1385 4400 omisit,
1402 4344 1517 4403 minoris,

968 4420 1052 4475 credo,
1070 4428 1141 4467 erant
1158 4420 1290 4479 momenti,
1303 4436 1379 4484 quam
1390 4437 1455 4486 quae
1466 4437 1517 4473 mc·

969 4500 1016 4546 rito
1034 4499 1180 4561 reprehendi
1196 4515 1266 4563 posse
1280 4501 1411 4551 iudicabat.
1428 4503 1518 4567 Neque

968 4594 1014 4641 ego
1030 4580 1158 4628 truentum
1176 4581 1371 4642 Rntgersianum
1384 4584 1471 4646 magni
1482 4584 1517 4632 sa·

968 4659 1011 4706 cio.
1056 4658 1121 4707 Natu
1150 4660 1251 4709 minime
1279 4675 1341 4721 optes
1366 4668 1420 4710 erat
1444 4676 1521 4711 servo
