3750 5759
811 658 1161 725 SA'l'lllAllUl'l

461 853 625 917 Eludente
650 871 777 929 senem,
803 847 904 911 cornis
928 847 1052 931 garrire
1076 847 1221 929 libellos,

460 960 554 1022 Unus
577 955 744 1036 vivorum,
769 951 937 1029 Fundani3
964 952 1071 1017 Pollio
1095 974 1208 1037 regum

459 1063 557 1126 Facta
580 1059 685 1141 canit,
709 1057 791 1143 pede
816 1064 865 1120 ter
887 1077 1058 1140 percuss03
1083 1055 1166 1120 forte
1191 1077 1268 1141 epos
1292 1079 1380 1140 acer,

459 1165 508 1232 Ut
531 1184 643 1246 nemo,
669 1161 786 1226 Varius
811 1159 918 1236 ducit;
944 1159 1044 1225 molle
1067 1166 1165 1244 atque
1188 1159 1331 1225 facetum

459 1268 600 1354 Virgilio
624 1271 811 1331 annuerunt
833 1264 1014 1348 gaudentes
1038 1285 1111 1328 rure
1137 1263 1307 1330 Camenae.

461 1373 531 1437 Hoc
555 1376 642 1451 erat,
667 1375 800 1454 experto
823 1366 946 1431 frustra
970 1367 1114 1432 Varrone
1136 1367 1278 1432 Atacino

458 1477 569 1561 Atque
593 1473 791 1559 quibusdam
815 1470 909 1554 aliis,
934 1471 1054 1537 melius
1078 1471 1165 1557 quod
1190 1471 1328 1537 scribere
1351 1495 1502 1559 possem,

458 1579 632 1643 Inventore
655 1576 781 1653 minor;
806 1596 911 1660 neque
935 1597 996 1660 ego
1020 1574 1071 1638 illi
1096 1575 1265 1641 detrahere
1288 1577 1396 1642 ausim

461 1683 659 1747 Haerentem
683 1679 783 1765 capiti
806 1700 881 1743 curn
904 1679 1012 1743 multa
1035 1679 1131 1744 laude
1155 1701 1316 1744 coronam.

458 1788 506 1850 Aa
528 1786 598 1850 dixi
620 1784 720 1849 fluere
743 1783 829 1847 hunc
853 1782 1072 1876 lutulentum,
1098 1805 1193 1869 saepe
1217 1783 1375 1849 ferentem

460 1890 561 1954 Plura
585 1888 717 1974 quidem
741 1885 887 1950 tollenda
910 1886 1142 1971 relinquendis.
1179 1889 1270 1972 Age,
1296 1911 1437 1974 quaese,

458 1993 505 2056 Tu
529 1992 614 2056 nihil
638 1991 673 2055 in
697 2012 818 2076 magno
842 1990 957 2055 doctus
980 1991 1190 2075 reprehendis
1215 1992 1380 2058 Homero?

460 2095 518 2160 Nil
535 2094 637 2162 comis
662 2093 778 2180 tragici
801 2101 910 2159 mutat
935 2093 1082 2160 Lucilius
1106 2096 1205 2161 Acci?

414 2233 459 2274 tur
474 2241 516 2274 ore
537 2227 649 2288 placido,
674 2227 766 2283 critico,
786 2227 865 2274 tristi.
905 2224 963 2272 Elo-
1003 2225 1094 2274 centies
1106 2223 1298 2276 contunduntur.
1321 2225 1472 2275 conferatur
1485 2241 1559 2289 egre·

413 2304 528 2366 quentia,
539 2312 567 2352 ut
579 2303 676 2362 Suada,
687 2303 787 2361 hsbitat,
798 2306 866 2352 sodet
883 2303 908 2350 in
921 2318 964 2351 ore
1002 2302 1045 2364 gia
1055 2303 1190 2367 disputatio
1197 2306 1306 2355 Bentleii
1313 2307 1345 2354 ad
1356 2306 1435 2368 Epist.
1444 2305 1482 2354 II.
1494 2320 1513 2354 1.
1533 2308 1558 2367 6Ι

348 2423 352 2429 .
413 2389 438 2430 et
459 2384 538 2430 lotr'ar
559 2383 670 2432 dicentis.
705 2383 740 2432 Et
761 2397 793 2430 ne
814 2382 870 2445 quis
892 2388 963 2444 putet
1035 2382 1187 2433 Doderlinus
1205 2387 1285 2448 facta
1306 2392 1402 2441 tuetur,
1420 2385 1513 2448 quibus
1532 2396 1559 2435 et

413 2462 496 2509 minus
521 2471 586 2511 recte
607 2465 724 2512 labellum
741 2462 800 2525 poni
816 2477 862 2525 pro
879 2465 962 2520 latro,
996 2462 1119 2525 suasore
1135 2465 1314 2514 contineantur.

413 2543 505 2604 cogitet
520 2542 648 2591 Iuvenalis
660 2541 732 2590 illud:
750 2544 829 2603 digito
841 2557 963 2603 coenpesee
1037 2543 1085 2589 Nil
1109 2546 1184 2592 acaria
1213 2548 1306 2608 tragici
1328 2551 1414 2594 arctat
1435 2547 1560 2595 Lucilius

413 2626 537 2670 lohe-'lana
1004 2620 1083 2668 Acci?
1102 2623 1160 2669 Non
1176 2624 1243 2670 ridet
1251 2639 1335 2672 reram
1347 2624 1418 2672 Eerni
1426 2625 1561 2687 privitate

448 2703 532 2749 Pollio
548 2717 634 2762 repam
663 2703 742 2750 Facta
760 2702 838 2758 canit,
850 2703 912 2762 pede
923 2707 962 2748 ter
1003 2701 1133 2748 initiaret?
1164 2702 1276 2752 Lucilius
1306 2704 1383 2766 igitur
1409 2704 1436 2752 in
1463 2703 1558 2753 Satiris

409 2797 535 2843 percurro.
568 2781 700 2830 Horatium
717 2780 843 2842 scripsisse
858 2779 962 2827 coniicio
1001 2780 1052 2827 suis
1069 2782 1227 2843 reprehendit
1249 2784 1356 2832 Accium
1382 2792 1408 2833 et
1424 2785 1557 2834 Ennium:

412 2875 498 2922 recum
508 2862 572 2922 fcta
597 2863 674 2909 canit.
710 2864 792 2909 Facta
816 2873 905 2923 regum
921 2874 961 2907 ca·
1002 2870 1046 2904 cur
1067 2860 1187 2909 Horatius
1209 2862 1316 2911 Accium
1337 2864 1451 2912 nominat
1476 2867 1559 2928 tragi-

411 2944 506 2986 nnntur
527 2939 554 2986 in
571 2939 680 2986 carmine
697 2938 773 3000 epico,
785 2939 851 3001 fata
868 2939 893 2986 in
911 2946 960 2987 tra·
1001 2951 1070 2995 cum,
1099 2939 1145 2988 hoc
1169 2948 1206 2989 est
1233 2945 1500 3004 tragoediam-uptam,
1527 2953 1559 2993 ut

411 3018 478 3079 gico3
494 3017 553 3074 fata,
570 3017 734 3075 calamitates,
750 3017 880 3074 miseriae,
897 3033 961 3080 quac
1001 3017 1179 3082 interpretatur
1207 3019 1411 3070 Commentator‘?
1464 3023 1557 3073 Nomi<

411 3097 512 3159 regibus
537 3097 685 3146 acciderunt.
719 3096 868 3145 Horlrelium
895 3098 960 3146 idem
1001 3098 1055 3145 nari
1072 3098 1107 3146 ita
1123 3101 1270 3163 nonpotuit‚
1282 3100 1330 3148 nisi
1347 3101 1471 3150 exstiterit
1489 3102 1557 3152 cius·

412 3176 544 3225 coniecisse
561 3178 640 3224 video.
663 3175 778 3239 Apitaius
796 3191 845 3224 non
863 3177 960 3240 accipit,
1001 3178 1056 3226 dem
1074 3180 1181 3228 nominis
1198 3181 1283 3243 poeta,
1301 3181 1327 3228 in
1345 3181 1395 3230 alio
1411 3183 1557 3233 carminum

411 3257 470 3318 quia
474 3258 552 3320 sacta
561 3257 714 3305 constituunt
731 3260 899 3319 tragoediam,
909 3272 960 3306 non
1001 3272 1090 3320 genere
1106 3259 1243 3317 excellens,
1261 3276 1286 3308 v.
1303 3275 1323 3308 c.
1340 3262 1437 3310 eerraira.
1466 3263 1557 3322 Exsti-

404 3337 477 3398 fctc.
511 3337 594 3386 Multa
618 3339 649 3386 de
665 3351 693 3385 re
714 3338 762 3386 ista
782 3338 831 3386 dici
847 3349 959 3402 possunt,
1000 3337 1058 3386 tissa
1069 3337 1155 3386 volunt
1172 3338 1247 3387 huius
1257 3339 1328 3388 Accii
1345 3347 1439 3402 patrem
1466 3339 1557 3390 Sedin

410 3424 435 3464 et
451 3417 502 3464 iam
525 3417 556 3464 ab
578 3417 632 3466 aliis
654 3418 720 3466 dieta
740 3426 806 3467 sunt,
840 3421 960 3482 Quaestio
1001 3416 1104 3466 historia
1117 3418 1246 3468 literarum
1263 3421 1433 3470 Romanarum
1449 3435 1503 3471 non
1521 3439 1555 3472 ea

409 3497 491 3546 minus
512 3499 543 3546 ad
565 3499 590 3546 h,
613 3499 629 3548 1,
654 3499 771 3562 pertinet,
798 3515 873 3563 quam
898 3501 958 3564 quid
1000 3496 1063 3544 ratio
1084 3497 1155 3546 istius
1179 3500 1249 3549 Accii
1265 3499 1378 3559 hahetur,
1394 3508 1422 3549 ut
1438 3516 1556 3565 unquam

409 3580 544 3628 sententiae
560 3580 607 3628 loci
623 3579 761 3629 conveniat.
795 3580 846 3629 Vel
858 3595 956 3629 carmen
1000 3576 1107 3624 dubitari
1124 3580 1243 3640 potuerit,
1260 3587 1316 3628 uter
1333 3580 1426 3629 Accius
1438 3581 1556 3632 nomina-

408 3659 531 3722 tragicum
547 3661 582 3708 ita
599 3674 655 3708 cum
672 3660 741 3722 epioe
762 3659 887 3717 iunctum,
903 3675 958 3722 pos-
999 3663 1074 3704 retur.
1108 3658 1166 3721 ipse
1183 3659 1303 3708 Horatius
1320 3660 1401 3722 Epist.
1419 3660 1455 3709 II.
1474 3674 1492 3709 1.
1511 3662 1554 3711 56.

408 3739 472 3787 tulat
501 3740 640 3788 discrimen.
679 3737 800 3785 Horatius
828 3752 957 3800 nunquam
999 3749 1055 3784 eum
1081 3738 1115 3786 sic
1140 3740 1209 3802 ponit
1230 3740 1294 3788 inter
1316 3739 1430 3802 antiquos
1451 3741 1554 3802 politas,

409 3818 533 3866 dixissset:
555 3817 637 3867 Pollio
658 3817 725 3865 canit
745 3817 809 3864 facta
825 3831 913 3880 regum
930 3820 956 3867 in
998 3815 1119 3876 Enrrinm,
1135 3819 1286 3877 Pacuvium,
1304 3819 1449 3868 Afranium.
1485 3820 1555 3872 Satis

409 3896 517 3943 carmine
524 3895 627 3958 tragico,
635 3896 730 3943 Varius
743 3895 770 3943 in
783 3897 858 3958 epico.
877 3900 956 3946 blacta
998 3904 1071 3944 notus
1082 3905 1143 3945 crat.
1160 3899 1242 3946 Nemo
1257 3898 1377 3956 Graccus,
1390 3899 1443 3948 sinc
1455 3914 1556 3962 caussa,

408 3975 536 4038 proprium
554 3981 590 4022 cst
607 3976 683 4038 epioe.
709 3976 798 4024 Horat.
823 3977 902 4040 Epist.
924 3980 956 4026 ad
998 3976 1144 4040 Sophoclem
1165 3978 1300 4042 appellavit
1321 3981 1459 4042 tropicum,
1477 3995 1554 4032 nemo

408 4055 512 4103 Pisones
536 4055 576 4106 73.
595 4057 648 4104 Res
664 4060 745 4117 galee
761 4071 893 4120 regumque
910 4060 955 4106 da·
997 4057 1124 4106 Romanus
1136 4058 1283 4107 Terentium
1292 4061 1419 4109 canticam.
1437 4061 1473 4119 Si,
1484 4065 1553 4126 quod

408 4150 512 4197 cientque
535 4140 560 4182 et
586 4136 674 4182 tristia
699 4137 763 4182 bello
797 4136 853 4194 Qec
878 4139 956 4185 aetat
996 4137 1039 4186 alii
1056 4138 1151 4196 volunt,
1169 4140 1234 4187 idem
1251 4141 1344 4188 Accius
1365 4147 1390 4189 et
1411 4143 1553 4192 comoedias

405 4220 507 4276 possent
528 4229 632 4262 caruero
653 4216 803 4262 monstravit
822 4217 954 4266 Hermas.
996 4218 1106 4280 scripsit,
1136 4218 1219 4266 minus
1246 4232 1344 4282 quoque
1372 4218 1461 4268 idonea
1486 4231 1554 4271 essct

408 4295 489 4343 Nemo
506 4294 598 4342 dixerit
614 4309 655 4343 rea
670 4298 752 4354 pertas
763 4310 895 4357 repensque
911 4297 955 4343 du·
996 4312 1090 4355 caussa,
1108 4312 1152 4346 cur
1169 4299 1210 4346 hic
1227 4302 1340 4360 tropicas
1357 4299 1532 4362 appellaretur.

407 4388 512 4437 cumque
541 4389 591 4437 quo
623 4373 695 4422 scribi
725 4382 823 4436 possent
851 4390 956 4424 numero
1029 4379 1084 4426 Iam
1109 4377 1221 4426 Lucilius
1248 4385 1332 4426 raratct
1354 4393 1442 4427 versus
1467 4382 1551 4430 Accii.

408 4458 557 4504 rrwnstrccr't
580 4456 736 4517 Aeschylus:
758 4462 823 4504 recte
850 4457 954 4506 dixerit:
997 4456 1045 4518 Qui
1062 4472 1148 4506 versus
1171 4458 1242 4506 Accii
1264 4464 1360 4514 larunt,
1382 4458 1424 4507 ille
1445 4463 1553 4525 corrigit

407 4550 454 4596 quo
470 4551 573 4584 nistrare
593 4535 644 4583 fata
660 4548 796 4598 regumque
807 4537 954 4600 ducumque,
997 4544 1021 4585 et
1038 4539 1164 4595 emendat,
1181 4538 1294 4586 meliores
1312 4537 1381 4595 facit,
1399 4546 1428 4586 ut
1445 4539 1550 4590 arbitra-

407 4613 488 4662 tristis
504 4614 566 4672 fata,
583 4615 655 4663 scribi
672 4623 784 4678 possent,
805 4617 954 4664 monstravit
997 4625 1045 4664 tur.
1079 4616 1119 4665 Ita
1137 4617 1250 4665 Lucilius
1273 4625 1337 4666 esset
1354 4617 1549 4679 Grammaticus,

407 4695 547 4757 Aeschylus
564 4706 588 4744 ct
606 4695 747 4758 Sophocles.
767 4697 954 4759 Fortitetscto
974 4759 976 4771 .
998 4696 1158 4744 Aristarchus
1188 4697 1292 4759 aliquis,
1325 4697 1364 4744 vel
1391 4697 1472 4757 Cato,
1505 4701 1549 4764 qui
