3750 5759
746 682 961 763 'LIBER
1007 700 1049 764 Il.

390 877 478 943 Nam
498 878 647 964 propriae
671 881 798 947 telluris
822 884 937 949 herum
961 891 1079 950 natura
1102 908 1206 972 neque
1230 886 1325 953 illum

390 980 459 1047 Nec
486 1003 540 1048 me
562 1005 622 1048 nec
645 1007 843 1071 quemquam
865 987 1003 1053 statuit:
1026 1011 1086 1054 nos
1110 989 1238 1075 expulit
1263 991 1338 1070 ille;

392 1084 494 1149 Illum
518 1090 577 1151 aut
599 1088 762 1174 nequities
784 1095 843 1155 aut
863 1091 946 1157 vafri
971 1091 1104 1158 inscitia
1122 1093 1223 1178 iuris,

392 1189 602 1255 Postremum
624 1193 768 1277 expellet
793 1198 879 1259 certe
899 1194 1043 1261 vivacior
1063 1197 1164 1262 heres.

392 1292 490 1359 Nunc
513 1315 590 1379 ager
607 1293 770 1362 Umbreni
789 1298 850 1364 sub
869 1298 1018 1383 nomine,
1044 1323 1147 1386 nuper
1171 1301 1271 1368 Ofelli

394 1396 511 1463 Dictus
539 1403 626 1484 erat,
648 1400 734 1465 nulli
756 1402 925 1488 proprius,
951 1404 1008 1469 sed
1032 1403 1124 1469 cedet
1147 1404 1182 1469 in
1204 1428 1301 1471 usum

393 1500 490 1566 Nunc
515 1502 616 1585 mihi,
641 1525 728 1570 nuno
752 1506 818 1571 alii.
868 1507 1027 1587 Quocirca
1050 1507 1153 1574 vivite
1173 1508 1294 1592 fortes,

396 1602 572 1691 Fortiaque
595 1607 740 1673 adversis
764 1610 919 1695 opponite
938 1617 1071 1697 pectora
1095 1612 1233 1677 rebusl“

347 1763 491 1813 habitudine
508 1767 615 1829 corporis
632 1767 710 1816 solida
726 1775 750 1817 et
766 1771 832 1818 succi
848 1769 898 1833 ple·
939 1771 1006 1820 Mihi
1031 1773 1234 1835 distinguendum
1264 1774 1374 1822 videtur:
1411 1773 1488 1823 Nunc

348 1857 395 1901 na,
412 1843 606 1907 frequentantur.
628 1845 664 1895 V.
682 1847 784 1897 Ruhnk.
801 1850 832 1896 ad
850 1851 899 1899 Te·
928 1867 999 1914 -cqer
1013 1853 1133 1900 Umbreni
1145 1855 1309 1912 subnotabis,
1319 1852 1488 1915 auperOfciii

348 1930 412 1972 rent.
430 1924 687 1976 Eunuch.II.11.ll.
713 1929 765 1977 Pro
781 1931 899 1979 nituistic
941 1933 1047 1989 Dictus,
1073 1937 1129 1979 crat
1155 1934 1221 1980 nulii
1245 1933 1375 1993 proprius.
1408 1931 1488 1992 Ager,

351 2002 378 2050 in
409 2003 467 2053 MS.
493 2005 643 2054 scholiorum
667 2009 733 2070 apud
759 2008 899 2073 Paulyum,
938 2011 982 2073 qui
1005 2024 1073 2058 nunc
1098 2018 1135 2059 est
1160 2010 1206 2058 sub
1230 2011 1330 2059 nomine
1353 2010 1488 2068 Umbreni,

348 2083 506 2132 instituistis.
528 2085 615 2144 Error,
628 2092 696 2148 puto,
711 2089 857 2138 scribarum.
939 2103 1020 2151 nuper
1036 2089 1162 2138 dicebatur
1179 2088 1267 2147 Ofelli,
1276 2089 1355 2149 nulli,
1368 2090 1418 2137 iam
1432 2096 1489 2138 ante

385 2163 463 2212 Nunc
476 2179 535 2226 aqer
547 2166 668 2214 Umbreni
678 2169 724 2215 sab
734 2171 841 2228 nomine,
854 2185 899 2217 aa·
939 2183 1091 2231 possessores
1109 2169 1178 2227 illos,
1198 2176 1251 2218 erat
1267 2170 1392 2234 proprius,
1410 2183 1489 2234 neque

348 2256 396 2304 per
407 2241 488 2305 Ofelli
496 2245 593 2292 Dictus
608 2251 679 2306 erat,
693 2248 760 2295 nulii
771 2249 900 2312 proprius.
941 2254 1025 2310 postca
1042 2248 1095 2297 erit.

833 2406 998 2429 μήθ’-ι...

755 2569 991 2635 SATIRA
1036 2572 1098 2636 ΠΙ.

446 2699 488 2778 Si
509 2733 580 2776 raro
604 2710 739 2794 scribis,
763 2716 802 2776 ut
824 2717 894 2776 toto
922 2733 988 2777 non
1009 2718 1124 2798 quater
1148 2734 1235 2778 anno

400 2814 626 2880 Membranam
650 2836 781 2900 poscas,
809 2815 1005 2901 scriptorum
1031 2837 1176 2901 quaeque
1199 2821 1367 2902 retexens,

528 2997 666 3048 SATIRA
683 2997 733 3046 ΠΙ,
944 2970 1042 3034 quidem
1059 2967 1103 3027 illi,
1120 2969 1176 3026 sed,
1192 2975 1222 3015 ιιι
1238 2981 1311 3030 saepe
1328 2967 1420 3025 accidit,
1438 2980 1492 3015 ves-

945 3049 1007 3112 tigia
1023 3049 1131 3098 melioris
1147 3048 1257 3097 lectionis
1274 3048 1418 3096 indicantes.
1439 3047 1492 3095 Me-

389 3095 437 3183 Si
452 3144 513 3178 raro
532 3131 631 3188 scribis,
652 3134 681 3176 at
703 3134 755 3177 toto
775 3144 824 3178 non
843 3143 903 3191 φια-
944 3129 992 3178 lius
1009 3130 1076 3178 enirn
1094 3136 1165 3192 puto:
1183 3131 1218 3177 sic
1234 3144 1298 3191 cryc.
1326 3127 1493 3190 Damasippus

355 3216 396 3259 ter
412 3224 478 3258 anuo
511 3210 688 3257 Mernbraaam
707 3222 804 3270 poscas.
838 3207 901 3256 Mei·
944 3209 1015 3257 dicit:
1034 3208 1079 3257 Sic
1096 3224 1153 3271 erqo
1168 3210 1268 3269 scribis,
1285 3214 1336 3257 toto
1353 3214 1443 3257 utnon
1456 3215 1495 3256 ter

355 3288 458 3338 nekius:
468 3288 538 3348 „Pro
549 3290 571 3336 si
582 3287 693 3350 peiorum
700 3286 904 3349 Codd.scriptura
944 3295 1110 3351 quaternario
1135 3289 1167 3334 M
1168 3290 1312 3336 embrarram
1323 3301 1453 3348 poscas-
1462 3312 1494 3321 —

356 3376 395 3418 est
411 3371 456 3419 sic.
473 3375 499 3415 at
523 3373 667 3429 corruptum
689 3366 756 3413 haud
777 3364 851 3414 dubie
867 3373 905 3413 est
946 3369 993 3415 Nil
1017 3370 1122 3428 diquam
1146 3381 1257 3414 serereoae
1284 3367 1376 3414 canas?
1407 3365 1494 3415 Oratio

357 3451 456 3506 scribis,
479 3462 535 3496 cum
553 3447 633 3494 brevis
650 3445 762 3508 syllabae
779 3460 861 3494 arseos
878 3446 904 3493 vi
944 3446 1096 3509 indignantis
1113 3445 1215 3508 pulchre
1232 3444 1263 3492 ab
1280 3459 1336 3507 erqo
1357 3444 1493 3492 inchoatur.

357 3529 491 3594 productae
515 3541 547 3575 nc
571 3541 650 3574 unum
675 3525 773 3590 quidem
796 3539 829 3573 ex
853 3531 905 3573 toto
945 3528 1028 3590 Artigi
1045 3528 1076 3575 ad
1094 3525 1178 3576 Carm.
1195 3527 1217 3575 I.
1235 3539 1314 3575 xxrv.
1333 3525 1413 3574 Tacit.
1435 3526 1492 3574 An-

358 3608 463 3658 Horatio
479 3605 621 3670 exemplum
638 3605 735 3653 afferas.
752 3605 840 3669 Itaque
853 3619 905 3654 cor·
945 3607 994 3655 nal.
1011 3607 1062 3657 111.
1082 3609 1120 3659 17.
1139 3608 1175 3655 Id
1190 3622 1246 3668 erpo
1256 3607 1305 3669 saa
1322 3607 1405 3663 aciae,
1416 3606 1494 3654 iater-

358 3687 490 3751 rigendnm
513 3687 623 3734 ridetur:
644 3688 668 3734 si
684 3701 745 3734 raro
766 3688 857 3735 scribis
875 3692 904 3734 ta
938 3686 1071 3750 sectricem
1081 3692 1177 3749 nepotis
1187 3686 1324 3747 adspicere,
1336 3685 1439 3746 alioqui,
1447 3684 1494 3731 eri-

359 3773 389 3815 ιιι
406 3773 464 3816 toto.
491 3767 558 3816 Nam
573 3768 667 3815 scribes
683 3766 750 3829 quod
766 3765 906 3829 interpolati
944 3782 1003 3828 pere
1025 3769 1143 3816 senatui?
1172 3767 1255 3828 Quam
1280 3779 1340 3812 raro
1366 3763 1493 3819 scriberet,

359 3847 459 3912 quidam
473 3846 575 3897 Codices
591 3845 693 3904 habent,
707 3853 793 3909 aperta
806 3854 904 3895 estme·
945 3846 1019 3910 longe
1044 3847 1182 3910 elegantius
1207 3860 1240 3894 ex
1266 3849 1305 3892 ter
1330 3850 1421 3906 quater
1445 3847 1496 3892 toto

359 3927 414 3976 trici
438 3927 578 3975 correctior
603 3926 660 3988 Ego
685 3924 759 3988 plura
785 3925 826 3973 hic
853 3939 906 3973 esse
947 3942 1012 3975 abac
1029 3924 1142 3987 efficitur,
1159 3934 1187 3975 nt
1207 3925 1267 3974 illud
1285 3924 1342 3972 addi
1359 3922 1432 3987 plane
1455 3937 1495 3971 su·

360 4015 475 4072 corrupta
491 4006 609 4069 suspicor.
642 4006 730 4055 Prima
746 4020 845 4065 caussa,
862 4021 907 4053 cur
947 4019 1127 4067 pervacancum
1157 4007 1196 4055 sit.
1234 4004 1265 4053 In
1292 4011 1330 4054 ter
1351 4010 1375 4052 et
1392 4009 1496 4066 quater,

360 4087 396 4134 ita
412 4086 504 4134 factum
522 4087 566 4143 sit,
583 4086 641 4134 hinc
657 4087 789 4149 repetenda
802 4088 908 4144 videtur,
949 4091 1035 4147 terque
1067 4092 1218 4149 quotaque,
1254 4090 1293 4132 ter
1323 4088 1413 4146 quater
1446 4081 1496 4144 ple·

360 4166 427 4229 quod
447 4166 595 4215 vocabulum
616 4167 691 4214 unius
712 4163 821 4228 syllabae
843 4163 907 4212 exci-
948 4178 1054 4230 rumque
1078 4165 1201 4227 cogitatur
1222 4164 1288 4227 quod
1305 4178 1379 4225 saepe
1401 4160 1442 4220 fit3
1469 4162 1496 4209 in

361 4246 404 4295 dit.
438 4248 558 4296 Horatius
576 4261 663 4310 nempe
680 4247 793 4295 dederat:
812 4250 863 4293 toto
879 4248 909 4290 ut
950 4251 988 4294 ter
1010 4251 1057 4293 aut
1078 4250 1180 4307 quater,
1204 4249 1271 4291 terre
1292 4245 1411 4304 qraateroe
1431 4241 1497 4302 qaod

362 4342 411 4375 non
427 4333 467 4376 tcr
483 4332 574 4389 quater
592 4341 664 4374 auno.
694 4324 759 4375 Cum
777 4331 816 4373 ter
832 4323 908 4371 semel
950 4339 1010 4373 raro
1025 4323 1061 4371 fit.
1078 4322 1145 4371 Vide
1162 4321 1245 4370 Bentl.
1262 4321 1293 4367 ad
1310 4318 1390 4381 apoc.
1407 4318 1442 4367 V.
1456 4319 1496 4366 33.

361 4405 499 4464 excidisset,
516 4412 541 4454 et
551 4405 677 4467 legeretur
690 4411 741 4454 icto
751 4411 780 4453 at
791 4420 839 4453 aaa
849 4419 910 4466 qus·
950 4404 1000 4454 Hic
1022 4401 1133 4450 additum
1151 4407 1202 4448 toto
1219 4415 1285 4448 anno
1305 4397 1365 4446 satis
1382 4397 1496 4455 ostendit,

363 4493 402 4533 ter
418 4501 499 4541 anno,
525 4484 640 4532 librarius
662 4492 769 4533 metrum
786 4482 911 4538 restituit,
950 4497 1000 4531 non
1016 4479 1150 4544 significari
1172 4493 1259 4542 saepe,
1285 4478 1327 4526 sed
1353 4484 1405 4525 tarn
1425 4493 1498 4537 raro,

362 4565 516 4629 transpositis
535 4570 586 4612 toto
603 4570 632 4612 at
649 4564 676 4612 in
693 4570 723 4612 ui
740 4570 799 4622 tato,
816 4570 841 4612 et
857 4577 910 4610 mu·
951 4569 979 4610 ιιι
995 4558 1191 4610 numerusultra
1202 4563 1292 4620 quater
1308 4570 1359 4605 non
1370 4556 1497 4618 procedat:

363 4645 425 4693 tavit
441 4647 532 4694 acribia
549 4643 576 4690 in
592 4645 694 4692 scribes.
727 4644 779 4692 Pro
803 4646 826 4692 si
842 4658 911 4703 rara,
953 4642 995 4693 Sic
1011 4655 1071 4704 ergo
1087 4638 1182 4699 scribis,
1198 4644 1226 4685 ιιι
1242 4643 1294 4685 toto
1311 4651 1377 4685 anno
1393 4635 1437 4683 vix
1459 4643 1498 4684 ter

363 4723 477 4774 nonnulli
495 4722 573 4774 Codd.
590 4722 682 4772 habent
693 4725 728 4774 sic
739 4741 807 4783 raro,
817 4724 912 4788 peiores
953 4722 1002 4782 vel,
1019 4722 1041 4770 si
1057 4721 1206 4784 plurimum,
1228 4725 1315 4782 quater
1330 4716 1499 4766 membranam
