3750 5759
803 685 964 729 '-—
1476 705 1510 743 xi

374 864 427 935 sit,
450 864 554 921 addita
576 865 666 938 longa
688 864 831 939 epistola,
852 864 963 935 literis,
986 882 1165 936 quamquam
1186 866 1251 939 ipse
1273 885 1325 923 eas
1340 868 1391 924 vix
1406 869 1509 928 videre

374 970 524 1045 potuerit,
544 970 623 1026 lectu
642 967 791 1026 facillimis
812 978 843 1025 et
867 969 982 1025 nullum
997 969 1122 1025 dextrae
1138 979 1297 1028 tremorem
1312 974 1509 1047 prodentibus

374 1076 555 1150 perscripta.
592 1074 712 1150 Effigies
737 1075 872 1132 habitum
898 1083 929 1130 et
955 1074 1138 1132 lineamenta
1163 1076 1223 1133 oris
1239 1079 1390 1151 totiusque
1407 1099 1510 1156 corpo-

373 1182 418 1238 ris
440 1180 665 1238 similitudinem
687 1180 778 1255 plane
800 1179 969 1250 referebat,
998 1187 1031 1235 ut
1056 1180 1185 1254 epistola
1207 1183 1298 1238 animi
1319 1185 1457 1242 amabilis
1479 1195 1508 1244 et

373 1285 541 1344 Christiani
561 1285 732 1359 imaginem.
776 1282 900 1360 Nuper,
923 1285 1003 1340 inter
1024 1285 1084 1341 alia
1106 1285 1239 1357 dicebat,
1266 1306 1378 1346 aunum
1403 1292 1510 1349 aetatis

374 1391 597 1468 aoaaqedmum
617 1391 764 1468 impressus
782 1409 856 1447 sum.
900 1386 937 1448 Si
958 1390 1096 1468 cuiquam
1119 1391 1291 1450 mortalium
1313 1393 1398 1452 beata
1419 1414 1510 1454 senec-

374 1507 423 1557 tua
448 1497 586 1575 coatipit,
612 1494 688 1552 mibi
714 1466 848 1573 ciatiqit.
894 1493 999 1552 Meute
1026 1495 1190 1572 tranquilla
1215 1504 1243 1554 et
1268 1516 1370 1557 serena
1391 1500 1423 1557 iu
1445 1521 1508 1560 cer-

370 1620 447 1680 pare
465 1603 539 1660 eatis
557 1621 644 1674 cauo,
666 1601 798 1660 omuibus
819 1600 902 1658 rebus
924 1600 994 1657 meir
1015 1609 1178 1673 coutantur,
1200 1601 1365 1663 domesticis
1374 1624 1508 1683 praesar-

373 1709 431 1766 tim
443 1708 537 1783 selice,
559 1706 635 1765 aiiii
654 1705 782 1783 amplius
803 1713 908 1781 aptare
925 1705 1027 1781 patui,
1050 1705 1109 1762 uisi
1129 1707 1337 1768 amantissima
1358 1712 1415 1768 mei
1429 1731 1509 1770 uuor

370 1815 437 1871 iam
456 1813 605 1870 biennium
625 1808 792 1868 valetudiue
812 1809 909 1866 mium
925 1826 1071 1885 prospera
1092 1818 1235 1869 uteretur.
1280 1811 1384 1873 Liberi
1407 1823 1436 1874 et
1457 1835 1504 1874 ae·

369 1926 457 1996 pates
467 1919 662 1993 fortunatam
678 1915 781 1992 patrie
800 1921 828 1972 et
849 1914 901 1971 aui
924 1922 1034 1971 sortem
1061 1914 1224 1974 cumulant.
1267 1916 1324 1977 Tot
1354 1927 1508 1980 tactorum

372 2023 451 2082 miii
471 2020 678 2100 beneficiorum
698 2022 841 2092 conscius,
864 2039 940 2079 auae
962 2030 1074 2089 tamea,
1090 2021 1199 2082 lamiae
1213 2023 1364 2084 oculorum
1379 2028 1424 2085 ita
1439 2046 1508 2106 cap·

374 2138 436 2201 tus,
467 2135 501 2187 ut
528 2135 681 2206 tamquam
701 2127 732 2184 ia
754 2125 859 2184 nebula
880 2145 950 2198 aec,
973 2126 1032 2184 uisi
1060 2127 1182 2186 brachio
1211 2127 1292 2187 ducis
1316 2139 1508 2206 sustentatur,

375 2234 535 2308 ambulem,
556 2242 583 2292 et
604 2234 728 2291 auribus
744 2250 839 2310 paeae
859 2230 972 2304 surdis,
994 2231 1169 2310 quidfliiae
1185 2234 1258 2293 milti
1273 2235 1526 2315 laqueariorum

371 2342 553 2418 percipiens,
578 2341 673 2416 facile
703 2339 855 2416 iateiiiqia,
887 2357 977 2416 quam
1009 2357 1068 2397 aaa
1088 2340 1214 2414 incitus,
1252 2351 1338 2400 ratur
1369 2345 1507 2415 conviva,

375 2448 477 2505 auimo
503 2445 643 2504 aduersus
668 2444 805 2503 datorem
830 2444 1017 2520 pratissimO,
1044 2442 1230 2503 discederem.
1274 2443 1334 2504 Sed
1358 2447 1449 2520 barac,
1476 2458 1508 2507 ut

374 2565 488 2630 semper
498 2550 592 2630 fecit,
614 2569 691 2608 auec
711 2566 834 2627 quaque,
856 2547 935 2625 quod
955 2547 1031 2606 milti
1052 2549 1196 2626 optimum
1209 2550 1430 2629 adjectarum
1445 2574 1510 2612 coa·

366 2656 447 2734 fido.
491 2656 615 2714 Interea
636 2673 731 2712 meam
753 2654 806 2711 tibi
823 2653 948 2732 effipiam
969 2653 1047 2711 misi.
1083 2652 1155 2712 Moe
1175 2655 1247 2728 iste,
1273 2664 1308 2714 ut
1333 2659 1424 2732 acati,
1451 2661 1509 2717 uiri

366 2761 465 2840 furor
483 2763 523 2820 ait
543 2760 695 2831 dicendus,
722 2758 808 2817 bodie
829 2760 920 2836 uiqet,
948 2768 981 2817 ut
1007 2778 1092 2817 suam
1118 2762 1237 2839 quisquc
1248 2762 1387 2841 fiquram
1410 2766 1440 2822 ei
1464 2766 1508 2824 lu-

375 2869 417 2926 cis
435 2885 602 2943 expressam
621 2866 654 2923 ia
676 2863 783 2922 tabella
804 2862 948 2921 ostendat.
993 2862 1060 2941 Epa
1082 2865 1165 2936 meis,
1185 2874 1219 2922 ut
1240 2867 1353 2925 ostendi
1366 2877 1508 2945 paterer,

365 2971 581 3050 flapitaatibas
601 2971 735 3029 resistere
751 2989 810 3030 aaa
830 2971 929 3047 potui.
974 2967 1083 3046 Specta
1104 2978 1247 3048 querutum
1269 2973 1327 3031 mei
1341 2972 1398 3033 iac
1411 2984 1509 3035 aetate

375 3086 504 3155 superet,
526 3086 555 3135 et
573 3096 657 3136 cerae
678 3095 718 3134 aa
743 3076 971 3134 uetustissimum
991 3077 1154 3134 amicorum
1173 3096 1321 3155 equoreas.
1368 3077 1443 3139 Utut
1456 3085 1507 3158 rit,

375 3181 520 3261 quidquid
540 3190 663 3240 caterua
684 3181 776 3258 specie
800 3188 933 3239 mutatur
955 3181 1028 3251 sim,
1056 3183 1173 3240 animus
1192 3184 1224 3240 ia
1243 3192 1271 3241 te
1295 3204 1376 3245 meua
1398 3190 1508 3248 maurit

375 3286 465 3359 idem,
486 3286 618 3365 idemque
639 3285 680 3344 ad
696 3294 861 3344 eutremum
884 3285 1025 3362 spiritum
1052 3286 1189 3344 mauebit.

415 3393 502 3450 Haec
529 3402 560 3449 et
585 3410 662 3465 quae
690 3393 777 3468 plura
805 3391 968 3466 scripserat
988 3410 1034 3448 me
1057 3392 1133 3448 adeo
1160 3392 1340 3466 affecerunt,
1371 3406 1405 3453 ut
1432 3399 1507 3454 nihil

375 3499 558 3574 respondere
579 3498 740 3568 valuerim,
763 3497 821 3552 nisi
840 3496 872 3552 id
893 3496 999 3571 ipsum.
1043 3496 1133 3553 Diem
1158 3498 1246 3553 modo
1267 3501 1505 3575 prospiciebam,

375 3623 434 3678 qno
455 3603 639 3661 destinatum
660 3603 688 3659 ei
712 3601 923 3659 munusculum
948 3601 1014 3676 ipse
1040 3601 1218 3658 Harlemnm
1247 3602 1392 3662 afferrem.
1436 3607 1506 3664 Non

374 3711 469 3770 licuit.
503 3709 584 3766 Ante
606 3726 737 3765 mensem
758 3727 786 3764 a.
800 3708 829 3764 d.
859 3723 907 3764 111.
929 3707 1112 3764 Novembris
1134 3709 1218 3765 obiit.
1262 3707 1337 3782 Quis
1358 3730 1405 3768 me
1422 3713 1508 3771 dolor

376 3825 437 3874 tum
464 3815 665 3891 percusserit,
692 3815 756 3889 ipse
783 3815 895 3871 nescia.
937 3813 1024 3872 Nihil
1049 3833 1096 3871 me
1125 3815 1313 3888 consolatur,
1340 3817 1399 3875 nisi
1425 3821 1505 3892 quod

375 3921 458 3978 Deus
479 3921 540 3977 voti
562 3928 729 3994 compotem
751 3919 835 3992 lecit,
863 3922 944 3993 quod
965 3920 1040 3976 satis
1061 3920 1151 3992 vixit,
1175 3921 1200 3977 si
1222 3923 1354 3979 nondum
1376 3925 1452 3996 suis,
1476 3934 1507 3982 at

375 4028 446 4098 sibi,
460 4025 550 4100 'quod
571 4025 643 4082 anni
663 4025 753 4082 nnius
774 4026 823 4082 vel
845 4026 969 4082 alterius
992 4024 1126 4082 accessio
1148 4045 1208 4082 non
1230 4026 1394 4086 feliciorem
1408 4031 1507 4086 reddi-

376 4133 478 4189 disset.
511 4131 589 4188 Visa
611 4137 641 4186 et
661 4131 767 4187 auditu
789 4131 964 4188 debilitatus
986 4131 1046 4187 alia
1067 4129 1195 4188 fortasse
1209 4131 1411 4205 incommoda,
1428 4153 1505 4208 quaa

375 4246 459 4296 tanta
479 4246 564 4294 aetas
586 4236 692 4292 afferre
715 4237 805 4307 solet,
828 4236 933 4292 evasit.

415 4345 518 4418 Atque
538 4345 615 4401 baec
637 4343 673 4400 de
694 4344 871 4400 Abrahamo
891 4361 955 4400 meo
978 4342 1113 4415 Vriesio,
1141 4344 1231 4401 tertio
1252 4346 1304 4402 illo
1326 4347 1504 4420 amicorum,

377 4451 488 4508 diutius
514 4450 644 4525 cognito.
687 4449 748 4506 Hic
774 4467 893 4522 quoque
919 4449 952 4504 in
980 4457 1115 4506 extrema
1141 4458 1295 4507 senectute
1317 4451 1422 4508 iisdem
1444 4462 1506 4511 stn-

377 4557 432 4613 diis
452 4557 594 4626 ardebat,
617 4557 726 4630 quibus
747 4556 921 4612 adolescens
953 4562 983 4610 et
1010 4555 1057 4610 vir
1086 4556 1276 4629 flagraverat.
1320 4556 1506 4616 Testimonia

376 4663 540 4720 industriae
561 4681 658 4737 pauca
679 4663 826 4737 prodidit,
854 4662 885 4718 in
912 4662 960 4718 his
981 4661 1116 4718 libellum
1139 4661 1175 4717 de
1201 4661 1305 4736 lingua
1327 4665 1505 4735 vernacula,
