3750 5759
821 683 1005 748 LIBER
1053 685 1077 747 l.

420 865 580 932 Difficiles
605 868 714 933 aditus
738 868 862 954 primos
887 870 1020 935 habet.“
1069 871 1193 953 „Haud
1216 873 1299 936 mihi
1323 873 1434 951 deer03

345 956 347 959 ⁵
419 971 613 1036 Muneribus
638 994 747 1037 servos
771 994 992 1059 corrumpam3
1018 996 1100 1056 non,
1124 975 1221 1041 hodic
1245 977 1274 1040 si

419 1073 587 1141 Exclusus
611 1075 720 1159 fuero,
746 1077 923 1155 desistam3
953 1084 1100 1163 tempora
1123 1101 1293 1164 quaeram:

419 1176 597 1244 Occurram
621 1180 656 1243 in
680 1180 805 1258 triviis3
831 1181 1006 1246 deducaml
1053 1182 1110 1246 Nil
1135 1183 1205 1248 sine
1229 1205 1349 1269 magno

417 1280 499 1346 Vita
521 1282 630 1348 labore
654 1282 746 1348 dedit
769 1285 1000 1351 mortalibus.“
1049 1287 1140 1351 Haec
1164 1288 1243 1352 dum
1267 1288 1353 1373 agit,
1378 1310 1450 1354 ecce

418 1385 547 1452 Fuscus
570 1388 716 1453 Aristius
741 1389 899 1481 occurrit,
923 1389 1008 1454 mihi
1031 1412 1141 1473 carus,
1166 1398 1200 1456 et
1223 1392 1318 1456 illum

420 1488 486 1568 Qui
510 1491 646 1576 pulchre
672 1498 793 1557 nosset.
843 1493 1075 1559 Consistimus.
1118 1494 1238 1577 „Unde
1262 1496 1400 1561 venis?“
1428 1502 1461 1561 et
1491 1576 1494 1582 ¹

418 1593 515 1675 „Quo
538 1595 691 1660 tendis?“
718 1600 813 1680 rogat
837 1603 871 1661 et
892 1597 1077 1682 respondet.
1125 1598 1254 1662 Vellere
1278 1599 1385 1684 coepi,

417 1696 464 1761 Et
483 1719 637 1783 prensare
658 1721 759 1764 manu
782 1701 971 1766 lentissima
992 1702 1143 1785 brachia,
1168 1712 1306 1786 nutans,

418 1799 637 1887 Distorquens
662 1803 792 1886 oculos,
817 1810 856 1868 ut
879 1826 932 1869 me
956 1805 1101 1890 eriperet.
1151 1805 1238 1871 Male
1262 1805 1367 1871 salsus

419 1904 543 1970 Ridens
567 1907 793 1985 dissimulare3
818 1930 929 1973 meum
954 1909 1043 1974 iecur
1066 1931 1157 1974 urere
1180 1910 1267 1975 bilis.

417 2007 538 2091 „Certe
562 2010 671 2075 nescio
696 2011 775 2096 quid
798 2018 921 2077 secreto
944 2013 1029 2077 velle
1052 2013 1143 2098 loqui
1167 2019 1199 2078 te
1255 2000 1262 2010 ¹

417 2111 562 2194 „Aiebas
586 2118 750 2179 mecum.“
799 2116 962 2198 „Memini
986 2116 1085 2198 bene,
1112 2117 1169 2181 sed
1191 2116 1319 2181 meliori

417 2216 599 2302 „Tempora
621 2218 744 2283 dicam:
769 2220 866 2284 hodie
890 2220 1057 2286 tricesima
1081 2221 1236 2286 sabbata:
1260 2221 1328 2286 vin’
1353 2227 1391 2286 tu

417 2317 553 2403 „Certis
579 2322 708 2387 Iudaeis
733 2324 938 2409 cppedere?“
988 2324 1114 2407 „Nulla
1136 2324 1260 2407 mihi,“
1284 2324 1436 2409 inquam,

402 2471 442 2520 Et
460 2487 583 2535 praesare
599 2491 676 2523 mana
693 2477 833 2524 lentieeima
850 2477 919 2525 brac·
963 2478 1073 2539 quodam
1097 2477 1243 2524 nominandi
1265 2483 1337 2525 notus
1360 2483 1397 2525 est
1419 2475 1459 2524 vel
1482 2491 1514 2524 ex

367 2553 433 2601 cleia.
467 2553 533 2601 Mire
558 2554 703 2603 dissentiunt
727 2555 872 2618 interpretes
894 2556 920 2603 in
962 2556 994 2603 N.
1013 2557 1043 2604 T.
1061 2557 1121 2604 Luc.
1139 2555 1187 2604 VI.
1201 2554 1512 2618 Lubimemcraturcdii-

369 2632 515 2695 explicando
537 2636 684 2683 lentissima.
717 2636 794 2684 Recte
816 2637 864 2684 iarn
881 2651 920 2684 ac-
961 2634 1047 2695 βατον
1065 2635 1273 2700 δευτερόπρωτον.

369 2718 469 2774 ceptum
485 2720 523 2761 est
539 2713 571 2760 ab
587 2713 715 2769 Erhardo,
737 2713 867 2770 nitidior,
888 2716 919 2762 ad
994 2714 1144 2763 Doderlinus
1166 2714 1240 2777 legit:
1267 2715 1350 2763 Hodie
1372 2714 1513 2770 tricenaria,

368 2791 470 2840 Patron.
485 2793 522 2841 18.
535 2793 618 2856 pigra,
631 2793 713 2849 tarda,
726 2794 814 2851 surda,
824 2794 919 2856 segnia,
940 2812 942 2825 ·
961 2794 1082 2841 subbato!
1115 2793 1197 2841 Hodie
1214 2792 1338 2840 tricesima
1353 2791 1444 2839 mensis
1461 2791 1513 2839 dies

369 2869 431 2918 nihil
455 2880 578 2920 commota
602 2887 658 2921 meo
682 2887 775 2934 pressu.
809 2873 920 2934 Legebat
961 2878 1011 2930 est,
1028 2872 1162 2935 eademque
1179 2871 1336 2919 sabbataest.
1358 2869 1511 2932 Exemplum

369 2963 457 3013 nempe
471 2967 598 3013 pressare,
609 2958 638 2999 ut
649 2951 700 3000 alii.
717 2952 836 3001 Praefero
845 2968 919 3014 prea-
961 2952 1060 3014 quidem
1078 2951 1100 2999 ei
1115 2965 1166 2999 non
1185 2951 1311 3012 cognitum
1328 2955 1376 3006 est,
1394 2962 1443 3010 quc
1455 2963 1479 2997 v.
1491 2963 1511 2995 c.

369 3043 439 3078 tare:
464 3045 581 3092 prestare
601 3040 683 3079 ortum
701 3033 799 3080 videtur
815 3048 848 3080 ex
862 3028 918 3095 pre·
961 3033 1084 3082 diceretur
1108 3033 1235 3079 tricesimu
1256 3033 1351 3094 aprilis
1367 3043 1412 3092 pro
1428 3031 1514 3091 pridie

368 3122 432 3157 aare.
466 3109 588 3159 Bracchia
605 3117 689 3158 antem
706 3113 845 3160 lentissima
861 3119 920 3160 sunt
962 3115 1045 3171 Maii,
1062 3112 1104 3160 uel
1120 3115 1205 3174 primo
1221 3127 1266 3174 pro
1283 3112 1403 3166 colendis,
1421 3109 1511 3158 verosi-

369 3188 475 3238 hominis
494 3192 638 3248 iratissimi,
660 3199 688 3239 ut
701 3192 788 3253 sortia
804 3197 919 3253 pectora,
961 3192 1019 3241 mile
1035 3199 1118 3242 tamen
1135 3193 1233 3239 videtur
1250 3192 1284 3238 ita
1296 3190 1321 3237 in
1333 3203 1446 3237 sermone
1458 3189 1512 3237 vul-

369 3275 393 3315 et
409 3269 460 3317 alia
476 3269 624 3319 huiusmodi.
961 3272 1016 3332 gari
1033 3273 1161 3320 Romanos
1178 3271 1252 3318 titisse
1269 3270 1371 3317 locutos
1406 3264 1511 3331 Siquid

401 3349 567 3398 Maieeelaae
578 3348 918 3399 Rideaediarimuiore.0ra·
962 3351 1042 3399 valeat
1059 3352 1085 3399 in
1102 3351 1150 3399 hac
1167 3365 1255 3398 caussa
1271 3351 1353 3405 Acro,
1371 3349 1414 3410 qui
1425 3362 1457 3395 ex
1468 3362 1510 3394 an-

369 3427 460 3477 tionem
483 3429 556 3478 facies
577 3430 679 3478 omnino
701 3429 781 3491 magis
802 3429 919 3478 Latinam
960 3432 1106 3495 tiquioribus
1123 3431 1214 3479 habere
1231 3430 1322 3493 potuit,
1340 3428 1409 3477 Acro
1425 3428 1461 3475 ita
1477 3426 1510 3475 lo·

369 3508 508 3557 scribendo:
534 3512 607 3558 Male
621 3510 724 3573 falsam
742 3511 852 3567 Ridens,
869 3512 919 3559 die-
960 3518 1032 3559 cutus
1049 3518 1099 3570 est,
1122 3512 1153 3558 ad
1174 3512 1262 3559 Horat.
1286 3509 1360 3558 Satir.
1384 3508 1421 3555 ΙΙ.
1438 3521 1468 3555 11.
1486 3508 1510 3555 4.

369 3588 497 3638 asanaa
514 3587 772 3638 ‘ratramnum
790 3589 829 3637 eo.
860 3592 919 3637 mr-
960 3577 1081 3648 „Decimo
1101 3590 1204 3651 septimo
1226 3587 1368 3638 Decembris
1392 3587 1510 3636 saturna-

369 3681 424 3716 tam
451 3672 567 3718 renidens
593 3672 675 3719 valta
709 3669 784 3718 Silius
812 3670 834 3718 Ι.
862 3672 918 3720 398.
959 3667 993 3716 lia
1010 3669 1220 3717 celebrabantur.“

368 3751 598 3798 eeerurnurriderra
620 3750 718 3798 Auctor
735 3749 850 3797 carminis
867 3751 918 3799 Ho—
997 3751 1055 3796 Viri’
1079 3756 1108 3797 tu
1142 3749 1231 3796 Curtii·
1250 3748 1355 3795 Iudaeis
1372 3745 1510 3808 oppeciere?

369 3829 431 3877 ratio
440 3827 602 3887 tributi,111.
616 3829 758 3878 xxvr1.67.
785 3830 918 3893 Perfidam
961 3831 1043 3877 Natta
1060 3831 1134 3886 mitt,
1152 3831 1268 3890 *inquiram
1283 3827 1388 3888 Relipt'o.
1418 3824 1511 3875 Omnia

369 3910 453 3956 adens
474 3910 563 3957 Venus.
598 3909 673 3956 Talia
689 3908 768 3956 multa
784 3916 842 3956 sunt
853 3911 918 3971 apud
959 3909 1020 3957 haec
1036 3916 1093 3957 sunt
1118 3907 1224 3957 Horatii.
1258 3905 1327 3966 Quin
1350 3906 1444 3968 oppede
1468 3906 1509 3954 Iu-

371 3985 479 4036 Greeccs
495 3988 593 4049 poetas,
610 3995 639 4034 nt
655 3988 839 4037 nobilissimum
857 3988 917 4035 illud
959 3990 1037 4039 dacis!
1081 3991 1139 4052 Ego
1163 3989 1262 4052 quidem
1287 3987 1389 4050 oppedo.
1431 3985 1511 4035 Nulla

369 4066 472 4114 Homeri
489 4065 610 4130 δακρυόεν
632 4068 725 4131 γελᾷν,
752 4075 776 4116 et
803 4067 917 4130 Sapphus
958 4069 1020 4117 mihi
1036 4075 1075 4117 est
1089 4068 1191 4130 religio,
1208 4067 1334 4114 tricesima
1350 4064 1510 4114 istasabbate

369 4141 415 4192 att
432 4147 559 4208 φωνᾶσαι,
582 4148 655 4196 dulce
670 4148 792 4196 ridentem
809 4148 916 4196 Horatii.
959 4163 998 4196 me
1015 4163 1064 4196 non
1082 4151 1206 4197 deterrent
1223 4154 1266 4194 aut
1288 4145 1427 4200 retardant,
1450 4158 1508 4206 quo·

402 4225 484 4273 Hodie
502 4227 628 4274 tricesimo
644 4229 757 4274 sabboti.
791 4228 916 4275 Numerus
958 4228 1040 4275 minus
1058 4228 1169 4283 audiam,
1185 4227 1250 4289 quod
1267 4231 1359 4272 secreto
1376 4230 1400 4271 te
1411 4237 1509 4271 mecum

368 4304 519 4367 septenarius
536 4322 551 4353 a
573 4305 671 4353 Iudaeis
693 4304 829 4353 habebatur
849 4307 916 4354 omni
958 4306 1026 4370 loqui
1044 4306 1107 4355 velle
1120 4299 1213 4355 aiebas.
1247 4306 1287 4354 Ita
1312 4305 1433 4352 sententia
1458 4319 1508 4352 me-

368 4382 416 4431 elio
432 4386 545 4434 sanctior.
581 4385 694 4448 Apparet
710 4386 735 4433 in
753 4386 793 4433 die
804 4387 916 4448 septimo,
957 4387 1005 4435 lius
1022 4389 1135 4436 convenit
1152 4388 1238 4450 poetae
1255 4386 1331 4442 irato,
1344 4399 1419 4447 qnam
1431 4384 1508 4432 amico

367 4465 471 4526 septimo
488 4480 583 4522 mense,
601 4465 705 4527 septimo
721 4480 799 4521 anno,
822 4474 915 4529 septem
958 4467 1130 4514 dissimulanti.
1177 4469 1232 4513 Viu'
1263 4471 1292 4512 tu
1319 4466 1439 4525 oppeciere
1463 4477 1508 4526 pro

368 4543 452 4591 diebus
469 4544 669 4608 festi-paschalis.
703 4545 792 4593 Nescio
810 4561 842 4593 an
859 4546 915 4594 hinc
935 4537 938 4655 l
957 4550 1062 4610 oppecie,
1088 4554 1115 4593 ut
1139 4546 1212 4596 Satin.
1231 4559 1260 4593 11.
1278 4559 1315 4592 vr.
1333 4544 1372 4592 92.
1411 4543 1455 4592 Vis
1479 4549 1509 4591 tu

368 4624 482 4672 constitui
504 4625 579 4687 possit
601 4624 730 4672 sabbatum
751 4625 852 4688 aliquod
873 4627 915 4673 tri·
935 4658 938 4728 p
958 4630 1065 4677 tortines
1094 4630 1226 4689 orbemque
1252 4625 1323 4688 feria
1354 4639 1509 4688 praeponere

368 4704 492 4752 cesimum.
527 4707 583 4753 Mos
600 4711 666 4753 certe
683 4704 776 4753 sabbati
788 4722 802 4753 a
813 4721 916 4754 numero
935 4729 938 4782 Ξ
957 4709 1033 4755 silvia
