3750 5759
790 654 976 718 LIBER
1023 653 1067 717 Il.

409 841 437 908 0
460 864 601 927 magnus
624 841 762 927 posthac
785 841 929 906 inimicis
953 841 1055 906 risus!
1103 840 1227 906 Uterne

408 946 462 1011 Ad
485 968 579 1013 casus
604 946 720 1012 dubios
744 946 826 1010 fidet
849 945 914 1010 sibi
937 945 1077 1027 certius,
1102 944 1173 1027 hie,
1198 944 1255 1029 qui

409 1050 563 1128 Pluribus
588 1049 733 1114 adsuerit
756 1054 902 1115 mentem
925 1070 1108 1134 corpusque
1132 1047 1325 1132 superbum,

407 1154 463 1218 An
487 1153 559 1239 qui,
584 1158 758 1218 contentus
781 1174 882 1238 parvo
904 1156 1120 1236 metuensque
1143 1149 1263 1233 futuri,

410 1257 449 1321 In
473 1278 571 1342 pace,
595 1262 634 1321 ut
657 1256 787 1342 sapiens
799 1305 807 1340 ,
834 1256 959 1341 aptarit
981 1255 1100 1320 idonea
1122 1254 1229 1319 bello?

411 1361 481 1440 Quo
504 1360 611 1447 magis
635 1360 688 1426 his
710 1361 842 1444 credas,
867 1382 948 1446 puer
971 1360 1059 1424 hunc
1083 1380 1143 1443 ego
1166 1379 1297 1442 parvus
1312 1356 1456 1424 Ofellum

410 1464 552 1549 Integris
577 1464 694 1550 opibus
718 1464 796 1529 novi
820 1483 892 1529 non·
910 1463 1010 1528 latius
1035 1484 1148 1543 usum,

411 1568 517 1647 Quam
540 1589 628 1632 nuuc
651 1566 776 1632 accisis.
824 1566 946 1631 Videas
973 1571 1097 1630 metato
1121 1564 1156 1627 in
1179 1563 1286 1649 agello

411 1671 495 1737 Cum
517 1692 631 1756 pecore
648 1678 681 1735 et
703 1670 816 1755 gnatis
839 1669 958 1734 fortem
982 1668 1129 1733 mercede
1152 1667 1323 1751 colonum,

412 1775 510 1858 „Non
533 1778 636 1860 eg0,“
661 1780 867 1856 narrantem,
894 1758 1038 1856 „temere
1062 1771 1115 1837 edi
1139 1771 1212 1837 luce
1233 1771 1378 1857 profesta

410 1878 596 1965 Quidquam
619 1886 747 1964 praeter
770 1878 842 1944 olus
866 1877 1014 1942 fumosae
1037 1898 1113 1942 cum
1135 1875 1219 1961 pede
1241 1897 1369 1960 pernae.

409 1982 457 2046 At
479 1982 562 2047 mihi
586 2004 644 2048 seu
666 1983 804 2067 longum
827 1989 903 2067 post
927 1986 1058 2066 tempus
1081 1984 1216 2045 venerat
1238 1980 1376 2065 hospes,

412 2087 488 2154 Sive
512 2110 646 2175 operum
669 2110 771 2154 vacuo
795 2092 909 2173 gratus
933 2086 1072 2152 conviva
1095 2107 1152 2171 per
1176 2084 1316 2150 imbrem

410 2192 568 2275 Vicinus,
592 2193 675 2258 bene
700 2197 770 2257 erat
793 2213 859 2255 non
883 2189 1030 2275 piscibus
1054 2189 1134 2255 urbe
1155 2187 1287 2275 petitis,

411 2297 475 2363 Sed
497 2292 590 2383 pullo
613 2303 711 2383 atque
734 2297 854 2375 hoedo;
880 2304 952 2361 tum
975 2295 1112 2382 pensilis
1136 2318 1201 2361 uva
1224 2295 1382 2361 secundas

410 2400 456 2465 Et
479 2423 548 2465 nux
571 2402 708 2466 ornabat
731 2423 861 2466 mensas
886 2422 962 2465 cum
986 2399 1116 2485 duplice
1139 2398 1212 2465 ficu.

410 2504 493 2569 Post
514 2504 575 2570 hoc
598 2504 696 2570 ludus
721 2512 807 2588 erat,
833 2504 930 2590 culpa
952 2510 1066 2590 potare
1090 2503 1268 2589 magistra,

366 2694 441 2736 eram
456 2686 538 2735 simile
554 2694 592 2736 est
608 2687 704 2737 Graeco
729 2688 800 2737 ἔσται
823 2685 912 2738 πάντα
928 2688 932 2734 t
951 2686 1010 2734 ludo
1027 2687 1165 2744 iucundior,
1182 2694 1207 2735 et
1228 2686 1347 2734 convivae
1367 2688 1450 2734 nullos
1467 2688 1502 2733 tu-

312 2769 316 2776 '
368 2767 463 2829 καλῶς,
481 2768 547 2831 quod
564 2768 651 2816 cornix
669 2767 801 2830 aliquando
819 2766 845 2814 in
863 2766 910 2815 Ca·
952 2768 995 2815 doe
1016 2771 1132 2828 spectare
1152 2769 1267 2825 mallent,
1288 2772 1315 2813 ut
1331 2772 1368 2814 est
1384 2766 1411 2813 in
1428 2764 1504 2814 Satir.

367 2844 451 2908 pitolio
471 2844 566 2895 elocuta
582 2854 633 2905 est,
655 2854 771 2895 narrante
794 2846 912 2896 Suetonio
952 2846 1063 2894 11.v111.
1080 2846 1121 2898 79.
1141 2847 1238 2902 Ladae,
1249 2845 1364 2908 festum,
1381 2845 1457 2908 ἑορτή
1475 2845 1504 2892 fi·

368 2925 556 2975 iunoniam.
581 2928 633 2975 Nec
658 2923 752 2988 defuit,
773 2929 817 2988 qai
833 2932 912 2974 orten-
953 2930 1042 2987 gurate
1067 2933 1201 2988 ponuntur.
1235 2924 1381 2974 Formulam
1403 2927 1447 2974 hoc
1457 2925 1503 2989 sa·

369 3011 421 3055 tum
433 3008 471 3055 aia
487 3008 719 3068 interpretaretur:
740 3008 829 3067 lt'cper
850 3006 913 3055 Tar·
953 3019 1008 3053 cere
1031 3006 1094 3053 mitet
1116 3008 1192 3055 ludus
1216 3011 1255 3054 eet
1276 3004 1360 3053 multis
1383 3004 1504 3067 exemplis

366 3088 496 3148 petoquue
512 3088 579 3134 redit
597 3087 706 3136 culmine
722 3089 826 3143 emate,
861 3087 914 3133 Est
952 3083 1230 3134 illustravitHeins.ad
1244 3084 1375 3135 Claudiae.
1392 3084 1504 3135 ILOon·

368 3166 441 3226 bene,
464 3180 515 3215 nore
537 3168 624 3227 potuit
640 3166 733 3223 dicere,
758 3167 838 3214 dicit:
855 3169 913 3215 erit.
953 3162 1001 3212 sul.
1018 3163 1114 3213 Stilich.
1134 3166 1188 3215 156.
1205 3165 1334 3215 Bentleius
1351 3165 1503 3214 conficiebat:

367 3242 503 3293 Potuisset:
522 3247 576 3295 Res
593 3247 651 3293 berte
666 3251 739 3301 aaut,
760 3247 858 3307 nequiit
874 3247 913 3294 di·
953 3258 1020 3305 cupa
1038 3249 1129 3306 potare
1153 3250 1284 3307 supatru.
1321 3246 1408 3307 Capu,
1430 3260 1504 3306 eope,

368 3339 432 3382 cere,
449 3326 530 3374 dicit:
547 3329 631 3372 erum.
663 3323 782 3372 Formula
798 3324 860 3372 adeo
876 3340 913 3373 sc·
954 3331 991 3371 est
1010 3324 1100 3373 mulier
1121 3326 1244 3387 καπηλίς,
1272 3340 1335 3390 quae
1358 3325 1445 3373 vinum
1471 3339 1504 3373 ex

368 3401 457 3452 lemnis
468 3404 547 3467 poscit
559 3402 663 3452 verbum
671 3419 735 3462 erse,
751 3419 801 3453 uon
817 3406 862 3453 ire.
886 3403 914 3453 Si
954 3417 1065 3465 caupona
1090 3404 1181 3452 vendit.
1216 3402 1313 3467 Operae
1334 3404 1442 3467 pretium
1467 3418 1505 3453 est

368 3482 914 3547 Horatiushocvoluissetscripsissetquam-
953 3482 1054 3545 legisse„
1073 3484 1162 3546 quibus
1179 3483 1334 3546 argumentis
1354 3482 1428 3531 istam
1444 3498 1502 3531 con·

368 3577 441 3626 quam
452 3576 527 3611 versu
535 3562 648 3610 duriore:
672 3563 725 3610 Res
737 3565 914 3613 asininarum
955 3562 1074 3611 lecturam
1090 3570 1202 3612 exornet.
1220 3563 1285 3612 Mihi
1301 3569 1385 3611 tamma
1401 3575 1452 3610 uon
1462 3576 1503 3611 ve·

367 3646 438 3693 Orat
455 3656 552 3703 semper
569 3642 617 3688 tter·
633 3646 706 3690 recte.
954 3642 1062 3692 resimile
1087 3644 1197 3701 ridetur,
1233 3641 1342 3693 Ofellum
1362 3642 1397 3689 ita
1421 3642 1503 3690 convi-

401 3724 467 3771 Pcet
489 3723 534 3770 hac
556 3722 632 3769 luctus
651 3728 708 3770 erat
730 3723 806 3783 culpa
825 3727 915 3783 potare
955 3723 1026 3772 rium
1047 3722 1243 3780 celebrassent
1268 3722 1404 3771 Britannus
1424 3728 1503 3784 putat.

368 3803 498 3865 mcqiatra.
536 3800 625 3864 Vulgo
650 3801 843 3865 interpretantur
867 3802 914 3858 ita,
956 3802 1087 3862 Rusticus,
1112 3802 1212 3865 opinor,
1237 3801 1319 3865 qualis
1350 3800 1457 3859 Ofellus,
1482 3803 1504 3851 si
1571 3790 1576 3798 ⁷

368 3889 397 3929 nt
417 3879 512 3944 positae
533 3890 615 3929 essent
637 3882 758 3943 quaedam
774 3880 855 3946 leges,
877 3896 914 3930 se·
956 3898 1007 3932 non
1023 3884 1096 3932 cellas
1113 3891 1138 3931 et
1155 3883 1286 3946 apothecas
1297 3882 1412 3940 baberet,
1430 3883 1503 3932 habe·

368 3962 476 4009 cundum
493 3974 554 4023 quas
563 3960 658 4021 bibere,
672 3962 753 4025 loqui,
766 3976 840 4026 agere
857 3976 914 4010 oon·
956 3962 998 4012 hat
1022 3971 1105 4012 tamen
1133 3964 1226 4028 aliquid
1250 3964 1315 4022 riui,
1341 3964 1368 4012 in
1384 3965 1436 4027 ipso
1452 3965 1505 4013 solo

368 4039 441 4087 vivae
463 4041 588 4099 deberent,
605 4043 627 4090 si
638 4049 724 4091 contra
742 4042 864 4101 fechsent,
874 4056 914 4090 eos
957 4045 1018 4102 nati,
1034 4045 1101 4108 quod
1117 4044 1184 4093 festis
1201 4044 1287 4092 diebus
1307 4044 1398 4107 hospiti
1411 4051 1436 4093 et
1448 4058 1503 4091 eon-

368 4119 482 4177 multari,
507 4121 596 4183 poculo
621 4122 662 4170 vel
679 4130 784 4186 negato,
808 4122 849 4171 vel
865 4138 915 4171 uno
957 4124 1197 4174 vivaeservabatur.
1231 4124 1315 4173 Homo
1331 4132 1382 4172 tarn
1399 4122 1505 4184 diligens

368 4213 412 4248 sou
427 4199 539 4263 pluribus
552 4202 583 4248 ad
600 4203 770 4250 evacuandum
781 4203 915 4266 imperatis.
957 4212 982 4253 et
1006 4211 1114 4253 attentus
1139 4218 1189 4252 non
1219 4209 1312 4266 peteret
1337 4217 1370 4251 ex
1401 4202 1505 4250 taberna

368 4280 437 4343 Ergo
453 4282 580 4331 ludebant.
597 4282 653 4330 Hoc
669 4289 751 4331 autem
769 4292 822 4331 orat
838 4286 915 4342 tasas,
956 4298 1063 4334 mercem
1079 4299 1163 4332 caram
1179 4291 1204 4332 et
1220 4282 1324 4341 malam,
1346 4296 1420 4345 quam
1437 4282 1504 4329 domi

368 4373 419 4408 non
439 4360 501 4408 adeo
523 4362 606 4409 ludus.
640 4362 707 4410 Nam
733 4363 804 4411 lusce
825 4363 915 4411 dicitnr
957 4365 992 4412 sic
1008 4365 1068 4413 satis
1086 4365 1175 4414 bonam
1193 4370 1217 4413 et
1238 4377 1317 4427 parvo
1334 4369 1441 4410 stantem
1457 4362 1504 4410 sibi

368 4439 422 4503 ipsa
437 4439 539 4489 ludendi
551 4441 628 4500 actio,
649 4444 722 4491 ludus
733 4442 809 4491 animi
821 4457 915 4493 recrea·
957 4459 1044 4507 parare
1068 4451 1157 4507 posset.
1192 4443 1233 4493 Sic
1264 4442 1338 4493 Ofelli
1365 4456 1415 4491 non
1445 4452 1504 4490 sunt

369 4518 416 4577 tio,
433 4534 496 4582 quae
519 4520 568 4569 iam
593 4521 619 4569 in
640 4522 755 4571 convivio
773 4531 829 4572 aute
846 4510 915 4587 pota·
958 4524 1016 4572 noti.
1034 4524 1087 4572 Neo
1096 4523 1255 4585 Oudendorp.
1264 4524 1296 4570 ad
1305 4522 1405 4572 Sueten.
1415 4521 1504 4571 Claud.

369 4598 461 4648 tionem
483 4601 645 4659 sentiebatur,
667 4605 811 4665 praesertim
833 4612 916 4653 nmen
935 4629 937 4642 ι
959 4604 998 4653 to.
1015 4604 1180 4652 coniecturam
1196 4603 1306 4651 Bentleii
1328 4603 1435 4651 multum
1451 4602 1501 4651 lau·

368 4678 396 4726 in
412 4680 466 4742 ipsa
482 4679 618 4742 potatione,
635 4682 669 4731 ita
686 4690 714 4730 ut
732 4699 761 4731 ea
772 4693 835 4733 esset
849 4684 914 4732 omui
935 4647 937 4718 i
958 4687 1028 4734 (lasse
1045 4686 1150 4733 videtur.
1168 4685 1224 4746 Ego
1241 4699 1337 4748 semper
1353 4685 1461 4747 cogitavi
1478 4685 1503 4730 in
