3750 5759
822 716 1020 782 LIBER
1068 720 1110 784 ΙΙ.

430 904 556 970 Verum
581 905 632 968 lrio
655 905 814 990 impransi
837 928 965 972 mecum
990 908 1170 993 disquirite.
1220 908 1286 974 Gur·
1310 910 1393 974 hoc?

430 1008 567 1091 Dicam,
591 1007 619 1073 si
643 1014 764 1093 potero.
814 1010 901 1074 Male
927 1032 1040 1075 verum
1068 1012 1236 1077 examinat
1257 1013 1364 1078 omnis

430 1112 612 1198 Corruptus
641 1112 748 1178 iudex.
798 1113 957 1198 Leporem
975 1120 1118 1181 sectatus
1141 1137 1263 1201 equove

430 1216 554 1282 Lassus
575 1216 617 1281 ab
638 1215 816 1299 indomito,
845 1216 916 1300 vel,
941 1218 969 1283 si
993 1219 1143 1284 Romana
1167 1219 1288 1306 fatigat

429 1319 554 1386 Militia
577 1320 750 1386 adsuetum
770 1322 933 1405 graecari,
958 1344 1015 1387 seu
1040 1322 1109 1408 pila
1129 1323 1242 1407 velox,

429 1423 576 1490 Molliter
596 1430 764 1490 austerum
789 1425 899 1490 studio
925 1425 1061 1491 fallente
1083 1426 1246 1510 laborem,

429 1529 495 1594 Seu
519 1534 553 1593 te
575 1527 684 1593 discus
704 1528 790 1613 agit,
813 1534 887 1613 pete
910 1529 1080 1594 cedentem
1101 1537 1175 1596 adra
1200 1531 1307 1597 disco:

426 1630 538 1710 Quum
561 1631 652 1696 labor
675 1631 839 1696 extuderit
859 1631 1012 1715 fastidia,
1034 1633 1157 1718 siccus,
1177 1635 1285 1700 inanis

428 1735 552 1820 Sperne
573 1735 684 1800 cibum
708 1735 824 1813 vilem3
846 1735 912 1800 nisi
935 1736 1110 1820 Hymettia
1130 1739 1230 1804 mella
1250 1739 1388 1805 Falerno

424 1838 618 1904 Ne'biberis
643 1839 757 1904 diluta.
807 1838 901 1904 Foris
925 1845 976 1905 est
996 1863 1148 1926 promus,
1170 1852 1204 1908 et
1225 1849 1334 1908 atrum

426 1942 614 2008 Defendens
635 1943 741 2028 pisces
765 1942 891 2008 hiemat
910 1965 1016 2027 mare,
1044 1967 1118 2010 cum
1141 1946 1208 2011 sale
1232 1946 1327 2031 panis

425 2047 618 2112 Latrantem
638 2047 844 2111 stomachum
866 2047 949 2112 bene
965 2047 1075 2112 leniet.
1125 2049 1221 2114 Unde
1243 2054 1339 2134 putas
1363 2056 1420 2113 aut

426 2148 490 2230 Qui
511 2151 663 2235 partum?
709 2150 784 2214 Non
807 2150 841 2214 in
864 2172 936 2215 caro
955 2151 1068 2216 nidore
1090 2153 1243 2238 voluptas

424 2253 579 2341 Summa,
604 2254 660 2318 sed
682 2253 718 2317 in
739 2259 772 2318 te
795 2253 867 2339 ipso
893 2261 952 2319 est.
1001 2256 1048 2320 Tu
1069 2256 1292 2341 pulmentaria
1312 2278 1428 2342 quaere

423 2356 596 2422 Sudando:
621 2356 780 2442 pinguem
799 2357 891 2422 vitiis
914 2359 1092 2445 albumque
1120 2382 1224 2446 neque
1248 2366 1355 2426 ostrea

422 2460 491 2526 Nec
513 2483 622 2526 scarus
646 2465 705 2526 aut
725 2460 848 2546 poterit
869 2462 1043 2546 peregrina
1065 2463 1177 2529 iuvare
1200 2464 1314 2550 lagois.

422 2565 490 2629 Vix
513 2570 624 2630 tamen
645 2565 799 2651 eripiam,
823 2566 932 2651 posito
956 2589 1083 2652 pavone
1106 2569 1188 2634 velis
1213 2570 1294 2654 quin

422 2668 494 2734 Hoc
516 2669 647 2755 potius,
672 2692 771 2756 quam
794 2670 921 2755 gallina
928 2720 939 2757 2
964 2677 1088 2757 tergere
1111 2673 1282 2758 palatum,

421 2771 602 2860 Corruptus
625 2774 720 2839 vanis
743 2795 867 2857 rerum,
893 2773 971 2860 quia
993 2784 1110 2841 veneat
1134 2798 1214 2841 auro

411 2901 505 2948 Veram
522 2903 563 2950 bie
579 2903 706 2964 impransi
722 2918 817 2952 tiresum
831 2905 924 2964 disqui-
965 2910 1032 2952 ctare
1047 2903 1169 2966 leporem,
1193 2906 1267 2952 doma
1285 2917 1377 2967 equum
1396 2903 1517 2959 ferocem,

373 2983 432 3030 rite.
467 2979 579 3030 Scholia:
598 2981 707 3040 „Ieiuni‚
725 2982 825 3030 sobrii.“
851 2980 924 3030 Com·
964 2981 1003 3031 vel
1029 2990 1084 3045 pete
1109 2985 1168 3032 a'e'ra
1191 2983 1259 3032 disco
1280 2983 1422 3040 cedentem,
1444 2992 1517 3044 atquo

373 3060 601 3111 mentatoradSat.
613 3061 696 3110 11.111.
707 3062 763 3113 257.
782 3063 924 3124 Postquam
963 3061 1010 3118 ita,
1036 3076 1081 3110 seu
1106 3063 1220 3111 Romano
1245 3077 1288 3111 seu
1314 3061 1409 3112 Graeoo
1433 3075 1516 3119 mora,

371 3147 411 3190 est
426 3143 551 3202 impransi
571 3146 702 3204 correptas
721 3154 777 3190 voce
799 3143 923 3203 mapistri.
963 3142 1072 3189 extunde
1089 3139 1195 3189 fastidia.
1229 3142 1347 3190 Fortasse
1369 3141 1437 3189 locus
1457 3140 1514 3188 alie·

373 3220 486 3280 „Sobrii‚
508 3221 596 3279 ieiuni,
617 3220 706 3283 rigidi,
727 3220 818 3280 severi,
837 3228 861 3269 et
886 3230 923 3271 est
963 3219 1002 3268 nis
1019 3220 1193 3269 additamentis
1206 3229 1242 3270 est
1253 3223 1408 3286 inquinatus
1425 3224 1450 3267 et
1461 3227 1514 3267 tan·

372 3299 510 3349 ἀντίθετον
525 3298 588 3348 ebrii
603 3313 648 3348 seu
661 3301 738 3363 poti.“
766 3300 797 3347 In
809 3302 921 3363 impran-
962 3305 1016 3346 tum
1034 3300 1134 3348 Horatii
1154 3311 1225 3348 sunt:
1248 3292 1369 3363 Leporem
1391 3304 1515 3356 sectatus,

371 3393 416 3426 sies
437 3384 475 3426 est
496 3378 565 3426 notio
586 3381 674 3439 sobrii,
697 3380 756 3444 qnia
777 3380 855 3442 vulgo
871 3395 922 3429 non
962 3393 1051 3440 equove
1078 3380 1171 3427 lassas
1197 3381 1228 3427 ab
1253 3381 1387 3438 indomito,
1414 3378 1464 3437 oei,
1493 3381 1516 3425 si

372 3457 499 3506 bibebatur
520 3464 578 3506 ante
598 3459 730 3521 prandium
748 3457 788 3506 vel
805 3473 921 3520 coenam,
963 3458 1081 3506 Romana
1109 3457 1212 3522 fatiant
1249 3458 1352 3506 Militia
1384 3464 1513 3507 assuetam

371 3553 421 3587 non
437 3538 582 3587 sumebatur
597 3539 729 3604 πρόπομα.
764 3539 831 3587 Hinc
846 3538 920 3588 Satir.
965 3523 1100 3594 Graecari,
1119 3550 1163 3584 sen
1178 3538 1235 3598 pita
1251 3537 1333 3592 velox,
1354 3537 1404 3584 San
1422 3541 1446 3584 te
1462 3538 1512 3584 die·

371 3619 406 3668 Π.
423 3634 461 3668 1v.
478 3620 519 3668 25.
537 3623 654 3682 quereiam
670 3622 757 3668 vacam
768 3621 922 3668 consmittere
961 3630 1006 3664 cus
1017 3617 1081 3679 epit,
1099 3615 1300 3680 stadiosallente
1311 3613 1431 3674 laborem,
1446 3616 1511 3666 Cnrn

370 3703 440 3749 venia
466 3701 514 3746 Nil
531 3700 582 3747 nasi
598 3701 651 3749 lene
667 3701 742 3748 decet.
960 3696 1030 3743 labor
1051 3697 1179 3745 enlnderil
1195 3696 1321 3761 fastidia,
1342 3697 1434 3754 sicone,
1457 3699 1511 3746 ina·

404 3781 680 3829 Lissnsabindomito.
698 3777 918 3828 Constructiover-
960 3775 1013 3833 nis,
1031 3775 1128 3838 Sperne
1143 3778 1225 3825 cibam
1242 3778 1323 3825 ailam.
1351 3777 1444 3825 Lassus
1462 3777 1511 3826 Ro-

371 3859 458 3908 borum
480 3859 553 3908 valde
575 3858 683 3907 difficilis
704 3865 729 3906 et
746 3859 822 3915 dura,
839 3872 919 3920 neque
959 3855 1151 3915 mammillis,
1174 3855 1215 3904 vel
1236 3856 1318 3905 studio
1338 3856 1448 3906 laborem
1465 3856 1510 3905 fal·

368 3947 470 4002 apparet
487 3941 554 3989 unde
570 3947 681 3989 sectatus
697 3946 723 3986 et
734 3940 818 3986 lassas
829 3939 918 4000 pende·
958 3933 1036 3992 lente,
1053 3935 1164 3984 molliore
1181 3935 1224 3984 illo
1241 3943 1266 3984 et
1277 3935 1386 3998 Graeco,
1403 3951 1447 3985 seu
1458 3952 1509 3985 ma·

368 4026 418 4068 ant.
453 4018 567 4082 cogitari
591 4026 688 4082 poterat
712 4019 743 4065 de
765 4018 918 4066 nominativo
958 4013 989 4062 lis
1007 4015 1073 4063 disco
1094 4030 1138 4064 seu
1163 4016 1227 4079 pila,
1255 4016 1289 4064 ita
1314 4032 1402 4080 sperne
1427 4017 1509 4065 cibum

367 4100 474 4162 quodam
496 4098 615 4148 absoluto.
650 4097 699 4147 Sed
715 4097 772 4145 huic
789 4096 833 4144 vix
849 4095 917 4145 locus
959 4094 1041 4144 vilem.

367 4185 415 4236 est,
433 4179 492 4243 quia
508 4193 568 4227 mox
584 4178 677 4240 legitur
686 4183 750 4239 pete.
779 4177 917 4226 Lambinus
995 4177 1064 4234 Quia
1080 4181 1168 4224 veneat
1193 4192 1256 4225 aare
1291 4178 1366 4226 Rara
1392 4179 1459 4234 anis,
1484 4183 1510 4226 et

366 4266 421 4320 poet
443 4262 552 4308 molliter
575 4257 729 4320 intelligebat
754 4259 827 4304 Lade
850 4259 918 4318 pila,
956 4257 1029 4316 picta
1043 4256 1144 4316 pandat
1165 4259 1310 4317 spectacula
1330 4259 1419 4306 canda.
1453 4258 1507 4306 Ho-

365 4339 432 4402 quod
455 4340 603 4402 respondeat
626 4337 674 4385 illis
697 4343 755 4398 pete
778 4339 917 4386 cedentem:
958 4335 1047 4392 ratius,
1064 4341 1135 4398 puto,
1153 4334 1264 4397 scripsit:
1286 4343 1311 4384 et
1330 4338 1428 4398 pictam
1443 4352 1508 4398 pan

366 4425 437 4480 putat
453 4417 551 4466 facilius
568 4424 652 4465 tamen
670 4430 736 4473 esse,
758 4415 779 4463 si
795 4416 915 4464 Horatius
958 4416 1004 4462 dat
1020 4417 1164 4477 spectacula
1185 4417 1299 4464 eandam.
1334 4411 1427 4475 Optimi
1450 4415 1507 4463 scri-

366 4511 410 4559 pro
427 4499 547 4547 Molliter
563 4497 700 4558 scripsisset
717 4497 775 4544 lade
784 4497 848 4556 pila.
866 4495 917 4543 Vir
958 4498 1038 4556 ptores
1060 4493 1086 4541 in
1107 4494 1154 4542 hoo
1172 4494 1248 4542 verbo
1270 4500 1354 4542 amant
1378 4493 1508 4556 appositio-

365 4577 452 4626 doctus
474 4576 574 4640 legebat
592 4578 854 4631 Maltamonenses,
877 4574 918 4623 vel
957 4587 1022 4622 nem.
1056 4573 1144 4622 Horat.
1168 4573 1240 4624 Satn.
1262 4573 1283 4621 Ι.
1301 4587 1350 4621 vu.
1368 4573 1407 4622 20.
1425 4575 1452 4622 in
1468 4576 1508 4623 ins

366 4659 473 4715 incline,
494 4658 559 4721 qnod
581 4655 704 4706 Lambino
726 4652 806 4716 magis
829 4651 916 4716 placet.
959 4669 1028 4703 acres
1047 4659 1218 4714 procurrant:
1242 4669 1359 4716 rnapnnm
1380 4659 1508 4715 spectacu-

365 4735 538 4786 Conieceram:
563 4738 644 4785 Lassa
666 4742 690 4784 te
711 4735 838 4784 indomito.
874 4732 916 4781 Se·
959 4737 1011 4782 lara
1029 4740 1139 4796 aterque.
1165 4733 1253 4782 Livius
1271 4733 1373 4782 XXVI.
1395 4735 1431 4782 13.
1459 4736 1508 4784 Ne·

1327 4815 1373 4876 7*
