3750 5759
837 699 875 706 ··-
1396 687 1431 725 lx

287 842 417 900 nationis
442 842 473 898 in
500 843 583 899 vario
605 861 712 917 genere
734 843 977 917 praestantiores,
1006 845 1170 920 elegantiae
1197 846 1277 902 intus
1299 857 1328 903 et
1349 856 1431 905 extra

288 949 468 1022 exquisitae,
498 966 532 1004 eo
555 948 656 1018 etiam,
683 956 716 1004 ut
741 950 878 1022 putabat,
912 948 1131 1022 exquisitioris,
1164 951 1189 1008 si
1214 951 1363 1028 margines
1385 953 1428 1009 in·

287 1053 364 1130 tegri
386 1055 512 1110 cultrum
532 1053 712 1128 levigantem
735 1053 907 1111 evasissent.
938 1053 1026 1128 Quod
1047 1056 1177 1125 deesset,
1200 1057 1356 1130 supplebat
1379 1059 1428 1114 Bi-

287 1159 436 1216 bliotheca
456 1157 587 1233 publiea,
611 1159 717 1214 annuis
737 1158 942 1215 additamentis
963 1177 1077 1234 semper
1097 1168 1191 1218 aucta.

330 1264 416 1336 Quae
438 1283 477 1320 ex
498 1271 572 1336 quot
592 1264 675 1320 libris
696 1265 856 1339 arriperet,
879 1263 1036 1338 cogitando
1052 1266 1174 1322 subacta
1189 1275 1314 1337 teneret,
1338 1287 1426 1340 quarn

288 1370 438 1427 subtiliter
465 1377 494 1424 et
522 1371 592 1424 rere
622 1370 658 1425 de
689 1367 839 1443 plerisque
867 1368 1029 1438 iudicaret,
1064 1368 1152 1443 pauci
1179 1371 1321 1427 sciebant.
1371 1371 1428 1428 Illa

286 1476 365 1532 enim
395 1470 563 1546 multiplicis
587 1473 727 1529 scientiae
755 1473 855 1547 copia,
883 1472 959 1529 illud
987 1473 1100 1547 ingenii
1128 1493 1251 1532 acumen
1280 1477 1311 1531 in
1337 1478 1425 1532 tacita

287 1577 460 1654 prudentiae
481 1577 699 1651 modestiaeque
717 1579 782 1634 luce
805 1578 1006 1652 refulgebant,
1030 1597 1116 1652 quam
1139 1581 1164 1636 si
1186 1582 1359 1639 adumbrare
1381 1599 1427 1639 eo-

287 1703 390 1754 narer,
411 1684 511 1741 multis
527 1683 631 1741 iisdem
648 1683 798 1741 coloribus
814 1682 857 1740 uti
874 1685 1021 1754 deberem,
1040 1685 1146 1757 quibus
1164 1687 1310 1745 Ernestus
1326 1688 1427 1745 Ruhn-

286 1789 376 1846 kenio
401 1790 445 1846 Io.
472 1789 618 1845 Matthiae
645 1787 773 1847 Gesneri
802 1807 897 1846 mores
925 1788 1071 1864 depinxit.
1115 1790 1241 1848 Doctior
1265 1794 1377 1867 pariter
1398 1802 1428 1849 et

286 1895 443 1951 amabilior
469 1892 670 1949 triumviratus
700 1911 850 1966 nunquam
876 1895 907 1950 iu
934 1894 994 1950 ulla
1021 1895 1188 1953 laudatione
1210 1896 1251 1953 ita
1272 1899 1427 1972 copulatus

288 2000 435 2075 apparuit.
478 2000 536 2056 His
574 1997 710 2055 Vriesius
753 1999 918 2056 nominibus
953 2000 1045 2056 inseri
1077 2002 1164 2073 quasi
1190 2002 1285 2059 socius
1319 2003 1426 2060 mereri

288 2106 448 2182 potuisset,
470 2107 494 2162 si
516 2107 554 2162 ab
577 2105 697 2162 ineunte
719 2106 923 2162 adolescentia
945 2124 1061 2162 omnem
1082 2105 1193 2181 ingenii
1210 2115 1240 2164 et
1263 2106 1427 2165 industriae

287 2212 504 2268 contentionem
528 2209 611 2266 unice
637 2209 668 2266 in
689 2211 745 2268 hac
766 2218 899 2266 veterum
920 2209 1072 2266 literarum
1095 2210 1279 2269 humanitate
1301 2212 1425 2269 fixisset.

288 2318 363 2387 Sed,
390 2317 468 2390 quod
494 2315 557 2391 ipse
583 2316 696 2371 solebat
721 2315 835 2386 dicere,
863 2316 937 2372 nihil
964 2315 996 2371 in
1024 2334 1059 2372 ea
1084 2317 1192 2373 mentis
1214 2317 1425 2375 exercitatione

287 2423 466 2496 quaerebat,
499 2421 556 2479 nisi
587 2431 619 2479 ut
651 2442 682 2480 se
704 2442 800 2480 rerum
831 2424 1052 2480 utilissimarum
1079 2423 1246 2498 cognitione
1274 2435 1424 2501 pasceret,

287 2527 391 2583 solitos
418 2527 536 2584 labores
564 2528 627 2586 vice
664 2528 838 2585 suavissima
870 2536 1010 2600 mutaret,
1042 2530 1078 2585 ad
1113 2531 1313 2587 meditandum
1340 2533 1426 2587 fieret

287 2632 408 2702 melior,
431 2632 517 2688 officii
538 2651 655 2706 quoque
678 2641 708 2690 et
722 2633 885 2690 honestatis
901 2643 1057 2708 praecepta
1071 2634 1204 2692 hauriret
1218 2636 1423 2693 saluberrima.

330 2734 500 2810 Cupiditatc
529 2739 647 2811 quidem
672 2738 886 2795 inclarescendi
907 2747 1020 2795 tantum
1041 2739 1135 2795 abfuit
1154 2748 1188 2796 ut
1212 2759 1344 2814 unquam
1364 2743 1424 2798 affi-

286 2853 416 2913 ceretur,
438 2851 471 2898 ut
493 2842 583 2900 nimia
603 2845 701 2918 potius
717 2845 895 2900 verecundia
910 2852 940 2900 et
956 2846 1068 2919 pudore
1086 2847 1172 2918 quasi
1189 2847 1345 2917 laboraret,
1363 2848 1424 2903 vel-

286 2958 321 3006 ut
338 2949 388 3021 qui
404 2967 525 3023 prorsus
544 2951 637 3007 latere
654 2950 754 3006 vellet.
780 2949 850 3006 Non
862 2957 993 3024 poterat.
1028 2949 1122 3022 Quam
1140 2950 1263 3025 gloriam
1278 2951 1424 3027 fugiebat,

287 3075 338 3124 ea,
361 3063 394 3110 ut
415 3064 459 3111 est
480 3056 581 3113 umbra
602 3057 734 3126 virtutis,
756 3056 885 3112 invitum
906 3058 1099 3129 sequebatur.
1137 3055 1305 3129 Quominus
1325 3060 1425 3115 cathe-

287 3161 343 3216 dra
365 3159 522 3217 Leidensis
545 3161 573 3217 ei
595 3160 767 3231 offerretur,
791 3180 846 3236 per
867 3161 966 3235 ipsum
988 3163 1080 3218 stetit.
1123 3161 1221 3218 Nemo
1244 3182 1311 3219 eum
1334 3165 1370 3220 de
1391 3183 1424 3220 re

288 3265 348 3321 ista
369 3265 542 3338 loquentem
557 3285 687 3339 unquam
705 3267 835 3323 audivit:
859 3275 889 3322 et
909 3284 1002 3339 quum
1023 3267 1108 3323 brevi
1123 3277 1191 3343 post
1205 3267 1332 3327 Senatus
1347 3270 1426 3326 Aca-

287 3369 422 3426 demicus
443 3372 565 3427 honoris
587 3390 694 3428 caussa
717 3372 833 3428 Philos.
855 3372 967 3428 Theor.
990 3372 1073 3445 Mag.
1096 3383 1126 3427 et
1149 3372 1208 3427 Lit.
1231 3373 1323 3429 Hum.
1346 3375 1425 3430 Doe-

286 3484 382 3532 torem
404 3485 550 3546 creasset,
578 3478 698 3534 titulum
724 3477 837 3534 nomini
864 3478 952 3533 modo
981 3479 1202 3552 praeponebat,
1230 3479 1280 3534 ubi
1309 3497 1372 3534 mos
1394 3487 1425 3534 et

289 3579 335 3637 fas
357 3581 505 3639 iuberent.
528 3582 699 3639 Decoratus
715 3582 826 3656 insigni
842 3582 956 3639 Leonis
973 3582 1153 3651 Neerlandi,
1175 3583 1302 3656 primum
1318 3602 1424 3654 eques,

289 3685 400 3742 deinde
422 3687 559 3758 decurio,
582 3688 730 3745 laudabat
752 3688 995 3744 benevolentiam
1016 3706 1133 3756 eorum,
1156 3688 1208 3760 qui
1229 3687 1310 3762 regi,
1327 3698 1359 3744 ut
1375 3690 1425 3745 de-

287 3799 455 3862 coraretur,
478 3791 600 3849 fuerant
619 3801 773 3863 auctores,
803 3791 902 3866 ipsum
928 3793 1072 3849 honorem
1101 3802 1132 3849 et
1156 3803 1332 3850 ornamenta
1359 3794 1419 3850 fere

285 3897 481 3967 aestimabat,
511 3907 545 3954 ut
579 3897 830 3973 Wyttenbaohius
863 3897 964 3953 facere
996 3898 1123 3955 solebat.
1171 3899 1333 3973 Nunquam
1363 3900 1425 3956 vidi

287 4001 414 4058 hilarius
435 4002 596 4071 ridentem,
624 4021 714 4076 quam
737 4022 803 4059 cum
825 4004 984 4059 narrabam
1006 4001 1077 4075 quid
1100 4004 1215 4079 priscus
1237 4005 1287 4061 ille
1310 4006 1423 4062 Bernas

290 4107 328 4164 de
350 4127 460 4183 pompa
482 4108 695 4178 Stassardana,
718 4110 823 4166 festive
846 4129 864 4165 a
890 4109 1015 4165 Mahnio
1043 4110 1207 4184 descripta,
1234 4111 1266 4166 in
1289 4108 1425 4186 epheme-

287 4213 353 4270 ride
374 4215 446 4270 anni
468 4229 638 4271 unoooxur
658 4223 844 4271 annotasset:
868 4212 1042 4290 Paaeppris
1055 4214 1087 4270 in
1105 4211 1217 4271 Scrinia
1231 4215 1424 4274 Academico.

292 4315 403 4376 Oratio
428 4317 597 4396 Praefecti.
638 4316 832 4394 Responsum.
877 4317 936 4375 Ille
962 4337 1028 4376 earn
1052 4320 1195 4376 comitatu
1218 4320 1249 4376 in
1268 4321 1426 4394 paternit-is

287 4419 427 4499 Hapam.
450 4421 518 4500 Epo
523 4422 612 4500 pedes
622 4423 663 4480 ad
672 4423 871 4481 suburbanam
882 4441 987 4480 meana.
1014 4420 1110 4479 Emta
1121 4425 1200 4480 inter
1214 4423 1340 4481 eandum
1354 4425 1425 4483 alna

292 4527 408 4584 taeniae
423 4530 572 4605 equestris.
613 4529 783 4585 Addiderat
804 4546 910 4584 nomen
932 4529 1075 4584 tabernae
1093 4537 1123 4584 et
1144 4531 1299 4586 tabernam
1313 4531 1425 4588 haben-

291 4633 329 4688 tis
341 4642 504 4689 matronae.
537 4633 638 4704 Quae,
651 4634 722 4706 quia
738 4634 946 4709 ephemeridas
962 4632 1035 4689 istas
1052 4635 1215 4701 combussi,
1233 4654 1291 4690 non
1304 4637 1424 4692 retinui.
