3750 5759
781 693 962 757 LIBER
1009 693 1052 757 II.

387 879 506 944 Peccat
529 884 602 943 uter
625 883 775 943 nostrum
799 900 892 944 cruce
916 878 1070 963 dignius?
1115 879 1209 944 Acris
1235 881 1290 945 ubi
1315 904 1367 947 me

332 1018 344 1043 κ
384 982 511 1047 Natura
534 982 698 1065 incendit,
724 982 785 1048 sub
810 981 898 1047 clara
920 983 1010 1046 nuda
1033 981 1165 1048 lucerna

386 1084 615 1170 Quaecumque
638 1085 766 1169 excepit
789 1084 952 1169 turgentis
977 1084 1110 1151 verbera
1132 1086 1254 1152 caudae

385 1188 546 1254 Olunibus
570 1195 629 1253 aut
652 1187 793 1273 agitavit
815 1210 935 1274 equum
959 1188 1082 1253 lasciva
1105 1189 1278 1275 supinum,

385 1291 537 1356 Dimittit
558 1314 662 1378 neque
686 1291 849 1356 famosum
873 1313 978 1377 neque
1002 1291 1199 1374 sollicitum,
1225 1315 1266 1357 ne

387 1394 496 1460 Ditior
518 1400 576 1459 aut
598 1395 721 1459 formae
745 1393 890 1458 melioris
914 1393 1016 1458 meiat
1038 1394 1160 1459 eodem.

386 1501 450 1583 Tu,
475 1524 577 1587 quum
600 1501 753 1586 proiectis
777 1500 987 1586 insignibus,
1012 1501 1112 1566 anulo
1137 1504 1278 1587 equestri

387 1604 598 1691 Romanoque
622 1604 756 1686 habitu,
780 1603 891 1689 prodis
916 1625 957 1668 ex
980 1603 1087 1670 iudice
1112 1605 1218 1671 Dama

386 1708 520 1794 Turpis,
546 1709 717 1773 odoratum
741 1712 840 1792 caput
863 1707 1058 1772 obscurante
1082 1707 1227 1792 lacerna,

387 1811 462 1876 Non
486 1833 538 1893 es,
564 1811 651 1896 quod
675 1810 828 1892 simulas,
852 1814 1003 1875 metuens
1027 1810 1206 1895 induceris,
1230 1820 1328 1900 atque

387 1915 578 1980 Altercante
601 1913 796 1979 libidinibus
821 1913 933 1977 tremis
958 1935 1033 1978 ossa
1054 1936 1181 1999 pavore.

387 2017 474 2097 Quid
498 2017 611 2100 refert,
636 2017 687 2082 uri
711 2015 813 2101 virgis
838 2015 987 2101 ferroque
1010 2017 1141 2082 necari?

388 2120 587 2186 Auctoratus
612 2142 685 2202 eas,
711 2142 752 2184 an
777 2118 866 2204 turpi
890 2118 1020 2184 clausus
1045 2120 1080 2183 in
1103 2142 1194 2204 arca,

389 2223 461 2303 Quo
484 2230 518 2290 te
541 2224 676 2289 demisit
698 2223 824 2308 peccati
848 2222 980 2288 conscia
1003 2222 1132 2307 herilis,

389 2325 602 2392 Contractum
625 2325 766 2411 genibus
790 2330 907 2410 tangas
931 2327 1052 2410 caput?
1098 2326 1202 2392 Estne
1226 2330 1344 2393 marito

390 2430 561 2495 Matronae
583 2428 751 2515 peccantis
775 2428 810 2491 in
834 2429 931 2493 ambo
955 2428 1044 2493 iusta
1066 2433 1235 2514 potestas?

389 2533 428 2597 In
452 2539 673 2618 corruptorem
696 2533 749 2598 vel
773 2531 898 2597 iustior.
949 2532 1013 2596 Illa
1035 2537 1146 2598 tamen
1170 2555 1205 2597 se

388 2636 464 2700 Non
487 2636 602 2701 habitu
626 2640 775 2700 mutatve
798 2635 869 2699 loco
892 2639 1046 2720 peccatve
1070 2657 1228 2720 superne,
1254 2637 1256 2641 ’

389 2739 498 2819 Quum
522 2739 733 2805 te'formidet
756 2737 875 2802 mulier
897 2760 1002 2822 neque
1027 2738 1136 2802 credat
1160 2740 1304 2820 amanti,

341 2869 448 2930 coniuge
465 2867 545 2916 aliena
562 2867 631 2929 capi,
655 2867 757 2915 Davum
778 2866 888 2913 meretri·
930 2866 992 2914 haec
1016 2881 1072 2914 cum
1095 2868 1261 2930 superioribus
1284 2869 1404 2932 iungunt:
1422 2879 1481 2919 sunt

341 2947 411 3005 cula,
427 2954 483 2994 nter
499 2945 556 3009 plns
573 2949 673 3008 peccat?
930 2960 1044 3009 quoque,
1070 2947 1112 3010 qui
1138 2962 1194 2996 cam
1217 2948 1410 3011 interpretentur
1427 2953 1480 2999 etei.

376 3029 432 3075 Illa
448 3033 533 3075 tamen
549 3041 574 3075 ee
600 3028 659 3075 Non
676 3027 767 3074 habitu
777 3028 890 3072 mutatve
910 3090 911 3095 1
931 3027 988 3088 Ego
1005 3026 1131 3088 iungenda
1147 3035 1209 3090 puto
1230 3043 1287 3078 cum
1308 3031 1479 3094 sequentibus:

342 3108 393 3154 loeo
414 3111 529 3168 peccatve
549 3120 664 3167 superne.
699 3104 793 3153 Melius
818 3102 889 3150 intel·
909 3098 912 3147 ἔ
934 3105 999 3154 Cum
1018 3112 1042 3154 te
1052 3106 1179 3168 soractem
1196 3110 1294 3168 ueniter,
1305 3126 1383 3173 neque
1393 3113 1480 3160 medat

341 3185 431 3248 ligem:
452 3187 506 3233 Illo
523 3185 614 3233 etenim
629 3199 661 3232 ee.
686 3183 804 3247 Explicat
820 3197 890 3230 caus·
910 3173 912 3237 l
931 3187 1043 3242 amenti,
1078 3185 1130 3235 Ibis
1155 3189 1201 3234 aab
1219 3187 1334 3246 furcam.
1371 3190 1481 3240 Adulter

341 3279 395 3313 sam
412 3279 455 3313 cur
471 3279 552 3327 poena
568 3263 594 3311 in
611 3270 780 3325 corruptorem
798 3262 831 3310 sit
841 3262 890 3310 ius·
910 3250 912 3300 i
932 3262 973 3311 vel
990 3264 1123 3314 inducitur
1141 3264 1246 3328 (void.)
1264 3266 1368 3316 muliere
1384 3270 1481 3318 conscia

342 3344 398 3392 tior.
425 3343 520 3391 Mulier
540 3341 608 3390 domi
624 3348 725 3398 manet,
742 3355 793 3389 non
808 3346 890 3387 mutat
932 3349 1006 3404 etque
1023 3344 1117 3390 amanti
1133 3344 1261 3392 credente:
1288 3345 1328 3393 vel
1345 3348 1478 3397 inducitur

342 3429 445 3472 vestem.
453 3422 540 3470 Plaut.
554 3420 658 3468 Marcet.
668 3420 716 3468 IV.
727 3435 763 3468 vr.
773 3422 796 3467 5.
820 3421 891 3467 Uxor
910 3441 912 3502 4
932 3420 1037 3468 muliere
1057 3421 1146 3478 inscia,
1172 3435 1229 3469 cum
1251 3437 1337 3470 amans
1355 3424 1478 3474 fortunam

342 3504 434 3551 virori
458 3505 524 3551 ctam
547 3502 616 3548 doure
638 3515 735 3562 opressa
751 3506 790 3548 eet
800 3499 890 3562 forus,
910 3507 913 3542 ἔ
931 3506 1024 3557 tentat,
1047 3500 1170 3557 incertus,
1193 3514 1226 3546 an
1243 3502 1347 3549 audacia
1372 3517 1418 3551 sua
1435 3506 1479 3553 sibi

347 3583 409 3630 Viro
418 3581 455 3644 fit
471 3595 573 3636 scursa,
591 3580 704 3642 eripitur
721 3579 890 3627 rrrutrimorrio.
932 3579 1054 3627 succedat.
1077 3577 1104 3627 si
1121 3577 1211 3626 mulier
1228 3585 1252 3626 te
1269 3578 1383 3628 formidet
1399 3597 1480 3647 neque·

348 3661 456 3709 Utinam
477 3661 518 3707 Iex
534 3664 597 3706 ercet
614 3659 711 3713 endem,
735 3673 800 3720 qaue
815 3659 891 3706 acori
932 3659 1017 3707 credat
1034 3658 1142 3716 amanti,
1163 3665 1188 3706 te
1205 3659 1293 3720 prodet
1314 3661 1404 3709 marito
1421 3677 1479 3720 suo,

342 3745 393 3799 eet,
416 3741 485 3788 viro!
518 3737 559 3785 De
584 3739 673 3785 babitu
698 3737 832 3785 Ruhnken.
859 3738 890 3784 ad
932 3738 978 3786 ibis
990 3737 1035 3786 sub
1053 3738 1156 3786 furcam.
1191 3737 1232 3787 sie
1249 3738 1334 3787 Nicias
1345 3754 1422 3803 quum
1439 3756 1478 3792 co-

343 3818 445 3867 Sueton.
471 3816 572 3867 Caesar.
589 3816 629 3863 44.
652 3814 761 3863 referens
779 3816 890 3877 inprimis
932 3818 1028 3866 dioillos
1050 3818 1164 3866 Memmii
1190 3818 1221 3866 ad
1243 3819 1358 3882 Pompeii
1374 3834 1479 3871 uxorem

281 3909 285 3916 ·
342 3899 375 3945 ad
392 3913 479 3946 euram
496 3897 589 3957 cupitis
605 3900 631 3942 et
647 3896 805 3956 capiliorum.
841 3894 890 3943 Sed
932 3899 963 3945 de
980 3905 1066 3960 stupro
1082 3896 1236 3960 pertulisset,
1258 3899 1290 3946 ab
1313 3913 1345 3947 ea
1366 3901 1478 3963 proditus

341 3982 430 4039 peccat
445 3990 553 4037 superne
568 3988 619 4022 non
636 3973 755 4036 intelligo.
789 3971 891 4022 conieci
931 3983 1015 4036 estut
1025 3983 1111 4024 namet
1123 3975 1225 4026 Suetou.
1237 3978 1268 4026 de
1279 3978 1374 4027 Illustr.
1387 3979 1478 4030 Gram-

343 4055 456 4119 qnidem:
472 4058 589 4114 peccatve
605 4055 721 4114 superbe,
737 4067 787 4101 non
806 4068 890 4114 saper·
910 4110 912 4119 Α
932 4064 992 4105 mat.
1022 4056 1098 4106 XIV.
1145 4055 1253 4114 Eadem,
1284 4057 1371 4114 credo,
1397 4058 1477 4107 Mem·

343 4137 384 4191 be,
401 4140 430 4182 ut
446 4132 575 4190 moechus,
592 4132 634 4194 qui
657 4132 786 4189 audacter,
804 4138 887 4194 spreto
910 4125 913 4176 ἱ
932 4137 1024 4192 mium,
1042 4135 1144 4183 siclam
1167 4135 1304 4191 innassetz,
1325 4136 1478 4199 prodidisset.

343 4226 417 4275 saepe
441 4210 551 4274 periculo
575 4217 672 4272 peccat,
688 4212 732 4258 sed
760 4217 844 4273 peccat
860 4210 889 4257 ti·
911 4188 913 4259 i
966 4214 1132 4263 Doderlinus:
1157 4213 1239 4272 „Cum
1261 4215 1351 4264 mulier
1373 4217 1481 4280 suspice-

343 4293 422 4349 mid0‚
439 4299 464 4340 et
480 4290 569 4340 saltem
581 4290 729 4346 modestius,
746 4303 810 4352 quac
822 4287 889 4337 domi
933 4300 974 4342 tur
990 4300 1115 4341 amantem
1132 4306 1185 4341 esse
1201 4293 1290 4342 dubiae
1306 4294 1378 4356 fidei,
1399 4299 1481 4360 prodi-

344 4379 456 4427 maneat,
473 4384 518 4418 noc
534 4375 630 4416 vestem
644 4375 729 4416 mutet.
763 4367 843 4417 Aliud
855 4374 891 4414 ta·
933 4381 1025 4429 torem,
1047 4371 1150 4420 fortasse
1167 4371 1199 4419 ab
1220 4372 1272 4434 ipso
1289 4376 1379 4424 marito
1396 4377 1479 4426 subor-

345 4466 402 4499 men
437 4451 462 4499 in
490 4449 565 4498 verbo
593 4454 708 4510 corrupto
735 4447 812 4495 latero
839 4460 891 4494 sus·
934 4459 1037 4508 natum,
1055 4458 1130 4513 atquc
1152 4451 1233 4513 ipsum
1251 4455 1369 4502 maritum
1386 4458 1480 4507 anxilio

346 4532 420 4593 picor.
934 4539 1012 4579 vocet.
1030 4529 1123 4580 Omnia
1140 4531 1201 4579 haec
1213 4538 1240 4578 tu
1252 4541 1324 4582 antea
1344 4537 1408 4584 nosti
1426 4552 1480 4600 pos-

382 4610 447 4659 Cum
459 4617 483 4659 te
493 4610 618 4674 formidet
634 4608 732 4666 irrutier,
749 4623 825 4669 ireque
842 4621 892 4655 cre·
913 4612 915 4617 ’
935 4625 960 4659 se
972 4610 1033 4667 fieri,
1051 4618 1075 4657 et
1092 4617 1175 4658 tamen
1192 4612 1273 4660 audax
1291 4613 1386 4665 facinus
1398 4632 1483 4682 perpe·

347 4692 515 4738 internecti.
550 4688 656 4743 Omnes,
679 4693 801 4748 quantum
818 4685 892 4740 nori,
934 4700 999 4750 tras,
1015 4691 1126 4751 prudens
1142 4693 1186 4738 eceb
1197 4690 1303 4752 furcam
1322 4697 1351 4742 ia
