<?xml version="1.0" encoding="UTF-8"?>
<!DOCTYPE html PUBLIC "-//W3C//DTD XHTML 1.0 Transitional//EN"
    "http://www.w3.org/TR/xhtml1/DTD/xhtml1-transitional.dtd">
<html xmlns="http://www.w3.org/1999/xhtml" xml:lang="en" lang="en">
 <head>
  <title>
</title>
<meta http-equiv="Content-Type" content="text/html;charset=utf-8" />
  <meta name='ocr-system' content='tesseract 3.04.00' />
  <meta name='ocr-capabilities' content='ocr_page ocr_carea ocr_par ocr_line ocrx_word'/>
</head>
<body>
  <div class='ocr_page' id='page_1' title='image "./qhoratiiflaccis00peergoog_0128.png"; bbox 0 0 3750 5759; ppageno 0'>
   <div class='ocr_carea' id='block_1_1' title="bbox 424 675 1164 743">
    <p class='ocr_par' dir='ltr' id='par_1_1' title="bbox 424 675 1164 743">
     <span class='ocr_line' id='line_1_1' title="bbox 424 675 1164 743; baseline -0.005 -2"><span class='ocrx_word' id='word_1_1' title='bbox 424 680 486 743; x_wconf 74' lang='lat' dir='ltr'>rot</span> <span class='ocrx_word' id='word_1_2' title='bbox 815 675 1164 740; x_wconf 84' lang='lat' dir='ltr'><strong>SATIRARUM</strong></span> 
     </span>
    </p>
   </div>
   <div class='ocr_carea' id='block_1_2' title="bbox 462 859 1543 1879">
    <p class='ocr_par' dir='ltr' id='par_1_2' title="bbox 466 859 1257 947">
     <span class='ocr_line' id='line_1_2' title="bbox 466 859 1257 947; baseline -0.004 -21"><span class='ocrx_word' id='word_1_3' title='bbox 466 862 584 927; x_wconf 79' lang='lat' dir='ltr'><strong>Albuti</strong></span> <span class='ocrx_word' id='word_1_4' title='bbox 609 861 695 927; x_wconf 87' lang='lat' dir='ltr'>senis</span> <span class='ocrx_word' id='word_1_5' title='bbox 721 861 889 947; x_wconf 87' lang='lat' dir='ltr'>exemp10,</span> <span class='ocrx_word' id='word_1_6' title='bbox 914 861 994 926; x_wconf 92' lang='lat' dir='ltr'>dum</span> <span class='ocrx_word' id='word_1_7' title='bbox 1018 860 1132 925; x_wconf 90' lang='lat' dir='ltr'>munia</span> <span class='ocrx_word' id='word_1_8' title='bbox 1155 859 1257 941; x_wconf 81' lang='lat' dir='ltr'>didit,</span> 
     </span>
    </p>

    <p class='ocr_par' dir='ltr' id='par_1_3' title="bbox 466 963 1543 1360">
     <span class='ocr_line' id='line_1_3' title="bbox 468 963 1491 1052; baseline -0.004 -23"><span class='ocrx_word' id='word_1_9' title='bbox 468 965 589 1030; x_wconf 81' lang='lat' dir='ltr'>Saevus</span> <span class='ocrx_word' id='word_1_10' title='bbox 614 966 693 1049; x_wconf 82' lang='lat' dir='ltr'>erit,</span> <span class='ocrx_word' id='word_1_11' title='bbox 718 988 823 1052; x_wconf 89' lang='lat' dir='ltr'>neque</span> <span class='ocrx_word' id='word_1_12' title='bbox 847 966 913 1048; x_wconf 89' lang='lat' dir='ltr'>sic,</span> <span class='ocrx_word' id='word_1_13' title='bbox 938 972 976 1030; x_wconf 90' lang='lat' dir='ltr'>ut</span> <span class='ocrx_word' id='word_1_14' title='bbox 1000 964 1142 1049; x_wconf 81' lang='lat' dir='ltr'>simplex</span> <span class='ocrx_word' id='word_1_15' title='bbox 1166 963 1330 1044; x_wconf 88' lang='lat' dir='ltr'>Naevius,</span> <span class='ocrx_word' id='word_1_16' title='bbox 1356 968 1491 1027; x_wconf 89' lang='lat' dir='ltr'>unctam</span> 
     </span>
     <span class='ocr_line' id='line_1_4' title="bbox 468 1068 1543 1155; baseline -0.003 -22"><span class='ocrx_word' id='word_1_17' title='bbox 468 1068 623 1134; x_wconf 77' lang='lat' dir='ltr'>Convivis</span> <span class='ocrx_word' id='word_1_18' title='bbox 647 1070 816 1155; x_wconf 78' lang='lat' dir='ltr'>praebebit</span> <span class='ocrx_word' id='word_1_19' title='bbox 839 1091 973 1155; x_wconf 89' lang='lat' dir='ltr'>aquam:</span> <span class='ocrx_word' id='word_1_20' title='bbox 998 1068 1201 1134; x_wconf 87' lang='lat' dir='ltr'>vitiumhoc</span> <span class='ocrx_word' id='word_1_21' title='bbox 1226 1089 1354 1153; x_wconf 91' lang='lat' dir='ltr'>quoque</span> <span class='ocrx_word' id='word_1_22' title='bbox 1373 1088 1543 1152; x_wconf 83' lang='lat' dir='ltr'>magnum.</span> 
     </span>
     <span class='ocr_line' id='line_1_5' title="bbox 466 1171 1434 1256; baseline -0.002 -21"><span class='ocrx_word' id='word_1_23' title='bbox 466 1171 589 1256; x_wconf 82' lang='lat' dir='ltr'>Accipe</span> <span class='ocrx_word' id='word_1_24' title='bbox 612 1195 718 1255; x_wconf 86' lang='lat' dir='ltr'>nunc,</span> <span class='ocrx_word' id='word_1_25' title='bbox 742 1172 849 1238; x_wconf 89' lang='lat' dir='ltr'>victus</span> <span class='ocrx_word' id='word_1_26' title='bbox 874 1171 983 1237; x_wconf 90' lang='lat' dir='ltr'>tenuis</span> <span class='ocrx_word' id='word_1_27' title='bbox 1007 1192 1090 1256; x_wconf 92' lang='lat' dir='ltr'>quae</span> <span class='ocrx_word' id='word_1_28' title='bbox 1113 1174 1300 1255; x_wconf 89' lang='lat' dir='ltr'>quantaque</span> <span class='ocrx_word' id='word_1_29' title='bbox 1323 1190 1434 1234; x_wconf 88' lang='lat' dir='ltr'>secum</span> 
     </span>
     <span class='ocr_line' id='line_1_6' title="bbox 468 1272 1398 1360; baseline -0.001 -22"><span class='ocrx_word' id='word_1_30' title='bbox 468 1273 602 1340; x_wconf 86' lang='lat' dir='ltr'>Afferat.</span> <span class='ocrx_word' id='word_1_31' title='bbox 651 1275 690 1339; x_wconf 89' lang='lat' dir='ltr'>Iu</span> <span class='ocrx_word' id='word_1_32' title='bbox 714 1274 830 1360; x_wconf 89' lang='lat' dir='ltr'>primis</span> <span class='ocrx_word' id='word_1_33' title='bbox 854 1274 964 1339; x_wconf 85' lang='lat' dir='ltr'>valcas</span> <span class='ocrx_word' id='word_1_34' title='bbox 988 1274 1089 1339; x_wconf 93' lang='lat' dir='ltr'>bene:</span> <span class='ocrx_word' id='word_1_35' title='bbox 1115 1295 1193 1337; x_wconf 90' lang='lat' dir='ltr'>nam</span> <span class='ocrx_word' id='word_1_36' title='bbox 1216 1272 1324 1338; x_wconf 89' lang='lat' dir='ltr'>variae</span> <span class='ocrx_word' id='word_1_37' title='bbox 1347 1294 1398 1338; x_wconf 89' lang='lat' dir='ltr'>res</span> 
     </span>
    </p>

    <p class='ocr_par' dir='ltr' id='par_1_4' title="bbox 469 1376 1380 1461">
     <span class='ocr_line' id='line_1_7' title="bbox 469 1376 1380 1461; baseline -0.001 -18"><span class='ocrx_word' id='word_1_38' title='bbox 469 1378 517 1443; x_wconf 90' lang='lat' dir='ltr'>Ut</span> <span class='ocrx_word' id='word_1_39' title='bbox 540 1387 679 1443; x_wconf 82' lang='lat' dir='ltr'>noceant</span> <span class='ocrx_word' id='word_1_40' title='bbox 702 1378 848 1461; x_wconf 84' lang='lat' dir='ltr'>homini,</span> <span class='ocrx_word' id='word_1_41' title='bbox 873 1378 984 1443; x_wconf 89' lang='lat' dir='ltr'>credas</span> <span class='ocrx_word' id='word_1_42' title='bbox 1009 1399 1132 1441; x_wconf 91' lang='lat' dir='ltr'>memor</span> <span class='ocrx_word' id='word_1_43' title='bbox 1155 1376 1247 1441; x_wconf 90' lang='lat' dir='ltr'>illius</span> <span class='ocrx_word' id='word_1_44' title='bbox 1271 1398 1380 1458; x_wconf 89' lang='lat' dir='ltr'>escae,</span> 
     </span>
    </p>

    <p class='ocr_par' dir='ltr' id='par_1_5' title="bbox 469 1481 1395 1670">
     <span class='ocr_line' id='line_1_8' title="bbox 470 1481 1395 1568; baseline 0.001 -23"><span class='ocrx_word' id='word_1_45' title='bbox 470 1481 560 1560; x_wconf 78' lang='lat' dir='ltr'>Quae</span> <span class='ocrx_word' id='word_1_46' title='bbox 584 1483 726 1568; x_wconf 84' lang='lat' dir='ltr'>simplex</span> <span class='ocrx_word' id='word_1_47' title='bbox 749 1483 829 1547; x_wconf 89' lang='lat' dir='ltr'>olim</span> <span class='ocrx_word' id='word_1_48' title='bbox 853 1483 915 1548; x_wconf 87' lang='lat' dir='ltr'>tibi</span> <span class='ocrx_word' id='word_1_49' title='bbox 939 1482 1068 1548; x_wconf 89' lang='lat' dir='ltr'>sederit.</span> <span class='ocrx_word' id='word_1_50' title='bbox 1116 1482 1163 1546; x_wconf 85' lang='lat' dir='ltr'>At</span> <span class='ocrx_word' id='word_1_51' title='bbox 1187 1482 1286 1547; x_wconf 86' lang='lat' dir='ltr'>simul</span> <span class='ocrx_word' id='word_1_52' title='bbox 1311 1481 1395 1546; x_wconf 89' lang='lat' dir='ltr'>assis</span> 
     </span>
     <span class='ocr_line' id='line_1_9' title="bbox 469 1585 1236 1670; baseline 0.004 -22"><span class='ocrx_word' id='word_1_53' title='bbox 469 1585 640 1651; x_wconf 87' lang='lat' dir='ltr'>Miscueris</span> <span class='ocrx_word' id='word_1_54' title='bbox 665 1586 770 1669; x_wconf 87' lang='lat' dir='ltr'>elixa,</span> <span class='ocrx_word' id='word_1_55' title='bbox 796 1586 895 1651; x_wconf 87' lang='lat' dir='ltr'>simul</span> <span class='ocrx_word' id='word_1_56' title='bbox 919 1586 1090 1670; x_wconf 87' lang='lat' dir='ltr'>conchylia</span> <span class='ocrx_word' id='word_1_57' title='bbox 1113 1586 1236 1668; x_wconf 77' lang='lat' dir='ltr'>turdiS,</span> 
     </span>
    </p>

    <p class='ocr_par' dir='ltr' id='par_1_6' title="bbox 462 1688 1460 1879">
     <span class='ocr_line' id='line_1_10' title="bbox 462 1688 1460 1774; baseline 0 -22"><span class='ocrx_word' id='word_1_58' title='bbox 462 1688 590 1754; x_wconf 67' lang='lat' dir='ltr'>&#39;Dulcia</span> <span class='ocrx_word' id='word_1_59' title='bbox 614 1712 648 1755; x_wconf 88' lang='lat' dir='ltr'>se</span> <span class='ocrx_word' id='word_1_60' title='bbox 670 1690 706 1754; x_wconf 88' lang='lat' dir='ltr'>in</span> <span class='ocrx_word' id='word_1_61' title='bbox 729 1690 830 1755; x_wconf 91' lang='lat' dir='ltr'>bilem</span> <span class='ocrx_word' id='word_1_62' title='bbox 853 1696 998 1773; x_wconf 85' lang='lat' dir='ltr'>vertent,</span> <span class='ocrx_word' id='word_1_63' title='bbox 1024 1690 1255 1774; x_wconf 85' lang='lat' dir='ltr'>stomachoque</span> <span class='ocrx_word' id='word_1_64' title='bbox 1277 1688 1460 1753; x_wconf 87' lang='lat' dir='ltr'>tumultum</span> 
     </span>
     <span class='ocr_line' id='line_1_11' title="bbox 469 1791 1358 1879; baseline -0.001 -23"><span class='ocrx_word' id='word_1_65' title='bbox 469 1792 574 1857; x_wconf 86' lang='lat' dir='ltr'>Lenta</span> <span class='ocrx_word' id='word_1_66' title='bbox 597 1793 679 1858; x_wconf 88' lang='lat' dir='ltr'>feret</span> <span class='ocrx_word' id='word_1_67' title='bbox 701 1793 830 1879; x_wconf 84' lang='lat' dir='ltr'>pituita.</span> <span class='ocrx_word' id='word_1_68' title='bbox 879 1793 999 1875; x_wconf 85' lang='lat' dir='ltr'>Vides,</span> <span class='ocrx_word' id='word_1_69' title='bbox 1023 1798 1062 1857; x_wconf 89' lang='lat' dir='ltr'>ut</span> <span class='ocrx_word' id='word_1_70' title='bbox 1083 1792 1227 1877; x_wconf 89' lang='lat' dir='ltr'>pallidus</span> <span class='ocrx_word' id='word_1_71' title='bbox 1251 1791 1358 1857; x_wconf 86' lang='lat' dir='ltr'>omnis</span> 
     </span>
    </p>
   </div>
   <div class='ocr_carea' id='block_1_3' title="bbox 413 1910 1566 4765">
    <p class='ocr_par' dir='ltr' id='par_1_7' title="bbox 423 1910 1566 2122">
     <span class='ocr_line' id='line_1_12' title="bbox 423 1910 1564 1977; baseline -0.004 -16"><span class='ocrx_word' id='word_1_72' title='bbox 423 1928 506 1961; x_wconf 82' lang='lat' dir='ltr'>serem</span> <span class='ocrx_word' id='word_1_73' title='bbox 527 1915 661 1963; x_wconf 72' lang='lat' dir='ltr'>introduxi</span> <span class='ocrx_word' id='word_1_74' title='bbox 682 1917 758 1973; x_wconf 78' lang='lat' dir='ltr'>aiibi,</span> <span class='ocrx_word' id='word_1_75' title='bbox 788 1917 899 1977; x_wconf 82' lang='lat' dir='ltr'>Hospes,</span> <span class='ocrx_word' id='word_1_76' title='bbox 923 1927 972 1960; x_wconf 79' lang='lat' dir='ltr'>aon</span> <span class='ocrx_word' id='word_1_77' title='bbox 1012 1911 1262 1972; x_wconf 61' lang='lat' dir='ltr'>Iaqurtbapcontra</span> <span class='ocrx_word' id='word_1_78' title='bbox 1277 1910 1353 1959; x_wconf 60' lang='lat' dir='ltr'>mous</span> <span class='ocrx_word' id='word_1_79' title='bbox 1370 1912 1564 1972; x_wconf 77' lang='lat' dir='ltr'>repium,cuitu</span> 
     </span>
     <span class='ocr_line' id='line_1_13' title="bbox 423 1989 1566 2057; baseline -0.002 -17"><span class='ocrx_word' id='word_1_80' title='bbox 423 1994 467 2055; x_wconf 84' lang='lat' dir='ltr'>qui</span> <span class='ocrx_word' id='word_1_81' title='bbox 483 1994 546 2042; x_wconf 84' lang='lat' dir='ltr'>mibi</span> <span class='ocrx_word' id='word_1_82' title='bbox 556 1995 726 2057; x_wconf 79' lang='lat' dir='ltr'>imperarent,</span> <span class='ocrx_word' id='word_1_83' title='bbox 742 1996 832 2057; x_wconf 85' lang='lat' dir='ltr'>quibus</span> <span class='ocrx_word' id='word_1_84' title='bbox 842 2008 884 2056; x_wconf 76' lang='lat' dir='ltr'>eqo</span> <span class='ocrx_word' id='word_1_85' title='bbox 895 2006 972 2041; x_wconf 87' lang='lat' dir='ltr'>essem</span> <span class='ocrx_word' id='word_1_86' title='bbox 1011 2006 1087 2053; x_wconf 83' lang='lat' dir='ltr'>quom</span> <span class='ocrx_word' id='word_1_87' title='bbox 1104 1992 1213 2038; x_wconf 78' lang='lat' dir='ltr'>niaxime</span> <span class='ocrx_word' id='word_1_88' title='bbox 1229 1989 1379 2047; x_wconf 77' lang='lat' dir='ltr'>miserabili,</span> <span class='ocrx_word' id='word_1_89' title='bbox 1395 2006 1452 2040; x_wconf 76' lang='lat' dir='ltr'>cuin</span> <span class='ocrx_word' id='word_1_90' title='bbox 1472 1989 1566 2039; x_wconf 84' lang='lat' dir='ltr'>Cassio</span> 
     </span>
     <span class='ocr_line' id='line_1_14' title="bbox 423 2071 1213 2122; baseline -0.003 -3"><span class='ocrx_word' id='word_1_91' title='bbox 423 2073 550 2122; x_wconf 75' lang='lat' dir='ltr'>obnoxius.</span> <span class='ocrx_word' id='word_1_92' title='bbox 1013 2072 1121 2118; x_wconf 83' lang='lat' dir='ltr'>Romam</span> <span class='ocrx_word' id='word_1_93' title='bbox 1137 2071 1213 2118; x_wconf 78' lang='lat' dir='ltr'>uenit.</span> 
     </span>
    </p>

    <p class='ocr_par' dir='ltr' id='par_1_8' title="bbox 413 2146 1565 4765">
     <span class='ocr_line' id='line_1_15' title="bbox 456 2146 1565 2215; baseline -0.003 -16"><span class='ocrx_word' id='word_1_94' title='bbox 456 2149 609 2215; x_wconf 89' lang='lat' dir='ltr'>Corruptum</span> <span class='ocrx_word' id='word_1_95' title='bbox 627 2152 845 2202; x_wconf 86' lang='lat' dir='ltr'>hicestscholium</span> <span class='ocrx_word' id='word_1_96' title='bbox 857 2148 972 2211; x_wconf 87' lang='lat' dir='ltr'>Porphy·</span> <span class='ocrx_word' id='word_1_97' title='bbox 1059 2150 1148 2206; x_wconf 81' lang='lat' dir='ltr'>Vides,</span> <span class='ocrx_word' id='word_1_98' title='bbox 1174 2154 1203 2196; x_wconf 83' lang='lat' dir='ltr'>at</span> <span class='ocrx_word' id='word_1_99' title='bbox 1226 2150 1341 2212; x_wconf 79' lang='lat' dir='ltr'>pallidas</span> <span class='ocrx_word' id='word_1_100' title='bbox 1364 2150 1444 2197; x_wconf 81' lang='lat' dir='ltr'>omnis</span> <span class='ocrx_word' id='word_1_101' title='bbox 1476 2146 1565 2196; x_wconf 83' lang='lat' dir='ltr'>Coena</span> 
     </span>
     <span class='ocr_line' id='line_1_16' title="bbox 423 2226 1563 2291; baseline -0.002 -15"><span class='ocrx_word' id='word_1_102' title='bbox 423 2230 512 2278; x_wconf 88' lang='lat' dir='ltr'>rionis:</span> <span class='ocrx_word' id='word_1_103' title='bbox 531 2231 698 2291; x_wconf 86' lang='lat' dir='ltr'>„Cultus....</span> <span class='ocrx_word' id='word_1_104' title='bbox 719 2239 768 2291; x_wconf 88' lang='lat' dir='ltr'>est,</span> <span class='ocrx_word' id='word_1_105' title='bbox 786 2232 888 2280; x_wconf 88' lang='lat' dir='ltr'>undeet</span> <span class='ocrx_word' id='word_1_106' title='bbox 900 2227 970 2277; x_wconf 88' lang='lat' dir='ltr'>alibi:</span> <span class='ocrx_word' id='word_1_107' title='bbox 1012 2229 1132 2290; x_wconf 75' lang='lat' dir='ltr'>desurqat</span> <span class='ocrx_word' id='word_1_108' title='bbox 1153 2229 1236 2277; x_wconf 82' lang='lat' dir='ltr'>dubio.</span> <span class='ocrx_word' id='word_1_109' title='bbox 1269 2227 1375 2276; x_wconf 83' lang='lat' dir='ltr'>Veteres</span> <span class='ocrx_word' id='word_1_110' title='bbox 1393 2226 1563 2287; x_wconf 74' lang='lat' dir='ltr'>scholiastae,</span> 
     </span>
     <span class='ocr_line' id='line_1_17' title="bbox 426 2308 1563 2372; baseline 0.001 -16"><span class='ocrx_word' id='word_1_111' title='bbox 426 2309 478 2367; x_wconf 82' lang='lat' dir='ltr'>Qui</span> <span class='ocrx_word' id='word_1_112' title='bbox 487 2310 560 2372; x_wconf 81' lang='lat' dir='ltr'>seros</span> <span class='ocrx_word' id='word_1_113' title='bbox 577 2313 806 2361; x_wconf 81' lang='lat' dir='ltr'>ruttusbomiuum.</span> <span class='ocrx_word' id='word_1_114' title='bbox 829 2308 972 2371; x_wconf 82' lang='lat' dir='ltr'>Vergilius:</span> <span class='ocrx_word' id='word_1_115' title='bbox 1012 2322 1098 2356; x_wconf 90' lang='lat' dir='ltr'>omnes</span> <span class='ocrx_word' id='word_1_116' title='bbox 1129 2309 1276 2357; x_wconf 85' lang='lat' dir='ltr'>recentiores</span> <span class='ocrx_word' id='word_1_117' title='bbox 1305 2309 1499 2371; x_wconf 89' lang='lat' dir='ltr'>interpretantur</span> <span class='ocrx_word' id='word_1_118' title='bbox 1528 2322 1563 2357; x_wconf 84' lang='lat' dir='ltr'>ex</span> 
     </span>
     <span class='ocr_line' id='line_1_18' title="bbox 420 2386 1564 2452; baseline 0.003 -18"><span class='ocrx_word' id='word_1_119' title='bbox 420 2389 506 2436; x_wconf 81' lang='lat' dir='ltr'>cuitus</span> <span class='ocrx_word' id='word_1_120' title='bbox 511 2389 586 2452; x_wconf 86' lang='lat' dir='ltr'>feros</span> <span class='ocrx_word' id='word_1_121' title='bbox 596 2392 692 2439; x_wconf 86' lang='lat' dir='ltr'>mollite</span> <span class='ocrx_word' id='word_1_122' title='bbox 703 2392 817 2439; x_wconf 80' lang='lat' dir='ltr'>colendo:</span> <span class='ocrx_word' id='word_1_123' title='bbox 835 2388 970 2440; x_wconf 85' lang='lat' dir='ltr'>Salustius:</span> <span class='ocrx_word' id='word_1_124' title='bbox 1012 2392 1071 2434; x_wconf 87' lang='lat' dir='ltr'>noto</span> <span class='ocrx_word' id='word_1_125' title='bbox 1087 2387 1199 2435; x_wconf 88' lang='lat' dir='ltr'>Terentii</span> <span class='ocrx_word' id='word_1_126' title='bbox 1216 2386 1318 2436; x_wconf 87' lang='lat' dir='ltr'>Phorm.</span> <span class='ocrx_word' id='word_1_127' title='bbox 1327 2387 1364 2437; x_wconf 92' lang='grc' dir='ltr'>Π.</span> <span class='ocrx_word' id='word_1_128' title='bbox 1373 2402 1402 2437; x_wconf 89' lang='lat'>11.</span> <span class='ocrx_word' id='word_1_129' title='bbox 1411 2388 1452 2436; x_wconf 79' lang='lat'>28.</span> <span class='ocrx_word' id='word_1_130' title='bbox 1477 2387 1564 2437; x_wconf 84' lang='lat' dir='ltr'>Coena</span> 
     </span>
     <span class='ocr_line' id='line_1_19' title="bbox 420 2465 1564 2533; baseline 0.003 -20"><span class='ocrx_word' id='word_1_131' title='bbox 420 2471 497 2528; x_wconf 83' lang='lat' dir='ltr'>atque</span> <span class='ocrx_word' id='word_1_132' title='bbox 517 2470 569 2531; x_wconf 83' lang='lat' dir='ltr'>ipse</span> <span class='ocrx_word' id='word_1_133' title='bbox 589 2472 674 2519; x_wconf 80' lang='lat' dir='ltr'>cultae</span> <span class='ocrx_word' id='word_1_134' title='bbox 695 2471 756 2517; x_wconf 85' lang='lat' dir='ltr'>rei.“</span> <span class='ocrx_word' id='word_1_135' title='bbox 793 2469 906 2533; x_wconf 86' lang='lat' dir='ltr'>Paulyus</span> <span class='ocrx_word' id='word_1_136' title='bbox 928 2480 971 2514; x_wconf 89' lang='lat' dir='ltr'>an·</span> <span class='ocrx_word' id='word_1_137' title='bbox 1012 2466 1089 2513; x_wconf 81' lang='lat' dir='ltr'>dubia</span> <span class='ocrx_word' id='word_1_138' title='bbox 1105 2468 1252 2528; x_wconf 82' lang='lat' dir='ltr'>apponitur.</span> <span class='ocrx_word' id='word_1_139' title='bbox 1274 2465 1306 2516; x_wconf 88' lang='lat' dir='ltr'>G.</span> <span class='ocrx_word' id='word_1_140' title='bbox 1327 2468 1397 2526; x_wconf 79' lang='lat' dir='ltr'>Quid</span> <span class='ocrx_word' id='word_1_141' title='bbox 1411 2470 1477 2516; x_wconf 84' lang='lat' dir='ltr'>istuc</span> <span class='ocrx_word' id='word_1_142' title='bbox 1492 2470 1564 2517; x_wconf 87' lang='lat' dir='ltr'>uerbi</span> 
     </span>
     <span class='ocr_line' id='line_1_20' title="bbox 421 2545 1563 2610; baseline 0.004 -19"><span class='ocrx_word' id='word_1_143' title='bbox 421 2547 531 2595; x_wconf 85' lang='lat' dir='ltr'>notavit:</span> <span class='ocrx_word' id='word_1_144' title='bbox 554 2547 661 2604; x_wconf 76' lang='lat' dir='ltr'>,Dicere</span> <span class='ocrx_word' id='word_1_145' title='bbox 682 2548 791 2597; x_wconf 91' lang='lat' dir='ltr'>voluisse</span> <span class='ocrx_word' id='word_1_146' title='bbox 812 2548 971 2597; x_wconf 88' lang='lat' dir='ltr'>scholiastam</span> <span class='ocrx_word' id='word_1_147' title='bbox 1011 2547 1063 2593; x_wconf 82' lang='lat' dir='ltr'>est?</span> <span class='ocrx_word' id='word_1_148' title='bbox 1092 2545 1122 2594; x_wconf 92' lang='lat' dir='ltr'>P.</span> <span class='ocrx_word' id='word_1_149' title='bbox 1146 2546 1196 2594; x_wconf 85' lang='lat' dir='ltr'>Ubi</span> <span class='ocrx_word' id='word_1_150' title='bbox 1216 2551 1245 2593; x_wconf 83' lang='lat' dir='ltr'>tu</span> <span class='ocrx_word' id='word_1_151' title='bbox 1267 2548 1376 2604; x_wconf 78' lang='lat' dir='ltr'>dubites,</span> <span class='ocrx_word' id='word_1_152' title='bbox 1397 2548 1459 2610; x_wconf 82' lang='lat' dir='ltr'>quid</span> <span class='ocrx_word' id='word_1_153' title='bbox 1473 2560 1563 2595; x_wconf 76' lang='lat' dir='ltr'>summ</span> 
     </span>
     <span class='ocr_line' id='line_1_21' title="bbox 421 2625 1174 2691; baseline 0.004 -20"><span class='ocrx_word' id='word_1_154' title='bbox 421 2626 506 2672; x_wconf 83' lang='lat' dir='ltr'>cultus</span> <span class='ocrx_word' id='word_1_155' title='bbox 531 2641 618 2675; x_wconf 77' lang='lat' dir='ltr'>novica</span> <span class='ocrx_word' id='word_1_156' title='bbox 639 2633 676 2675; x_wconf 84' lang='lat' dir='ltr'>est</span> <span class='ocrx_word' id='word_1_157' title='bbox 696 2628 810 2691; x_wconf 88' lang='lat' dir='ltr'>exempla</span> <span class='ocrx_word' id='word_1_158' title='bbox 829 2628 907 2679; x_wconf 83' lang='lat' dir='ltr'>allata</span> <span class='ocrx_word' id='word_1_159' title='bbox 927 2627 970 2674; x_wconf 86' lang='lat' dir='ltr'>do·</span> <span class='ocrx_word' id='word_1_160' title='bbox 1007 2625 1174 2683; x_wconf 76' lang='lat' dir='ltr'>potissimum.</span> 
     </span>
     <span class='ocr_line' id='line_1_22' title="bbox 422 2704 1562 2769; baseline 0.004 -19"><span class='ocrx_word' id='word_1_161' title='bbox 422 2715 478 2751; x_wconf 87' lang='lat' dir='ltr'>cere</span> <span class='ocrx_word' id='word_1_162' title='bbox 495 2705 624 2763; x_wconf 88' lang='lat' dir='ltr'>videntur,</span> <span class='ocrx_word' id='word_1_163' title='bbox 641 2707 685 2755; x_wconf 87' lang='lat' dir='ltr'>sed</span> <span class='ocrx_word' id='word_1_164' title='bbox 701 2722 789 2769; x_wconf 84' lang='lat' dir='ltr'>graece</span> <span class='ocrx_word' id='word_1_165' title='bbox 806 2708 897 2755; x_wconf 87' lang='lat' dir='ltr'>dixit.“</span> <span class='ocrx_word' id='word_1_166' title='bbox 921 2707 970 2756; x_wconf 87' lang='lat' dir='ltr'>Le·</span> <span class='ocrx_word' id='word_1_167' title='bbox 1044 2704 1183 2754; x_wconf 90' lang='lat' dir='ltr'>Doderlino</span> <span class='ocrx_word' id='word_1_168' title='bbox 1207 2705 1299 2764; x_wconf 82' lang='lat' dir='ltr'>iudice,</span> <span class='ocrx_word' id='word_1_169' title='bbox 1326 2705 1394 2753; x_wconf 88' lang='lat' dir='ltr'>haud</span> <span class='ocrx_word' id='word_1_170' title='bbox 1417 2705 1477 2753; x_wconf 88' lang='lat' dir='ltr'>satis</span> <span class='ocrx_word' id='word_1_171' title='bbox 1502 2718 1562 2754; x_wconf 88' lang='lat' dir='ltr'>con·</span> 
     </span>
     <span class='ocr_line' id='line_1_23' title="bbox 421 2784 1561 2851; baseline 0.004 -22"><span class='ocrx_word' id='word_1_172' title='bbox 421 2784 530 2845; x_wconf 81' lang='lat' dir='ltr'>gendum</span> <span class='ocrx_word' id='word_1_173' title='bbox 548 2792 621 2847; x_wconf 89' lang='lat' dir='ltr'>puto:</span> <span class='ocrx_word' id='word_1_174' title='bbox 639 2787 738 2844; x_wconf 84' lang='lat' dir='ltr'>„cultus</span> <span class='ocrx_word' id='word_1_175' title='bbox 751 2792 803 2836; x_wconf 86' lang='grc' dir='ltr'>τῶν</span> <span class='ocrx_word' id='word_1_176' title='bbox 813 2784 897 2851; x_wconf 84' lang='grc' dir='ltr'><em>μέσων</em></span> <span class='ocrx_word' id='word_1_177' title='bbox 907 2788 969 2834; x_wconf 85' lang='lat' dir='ltr'>est.“</span> <span class='ocrx_word' id='word_1_178' title='bbox 1010 2789 1072 2841; x_wconf 90' lang='lat' dir='ltr'>stat,</span> <span class='ocrx_word' id='word_1_179' title='bbox 1094 2799 1127 2832; x_wconf 89' lang='lat' dir='ltr'>an</span> <span class='ocrx_word' id='word_1_180' title='bbox 1144 2785 1264 2834; x_wconf 83' lang='lat' dir='ltr'>Horatius</span> <span class='ocrx_word' id='word_1_181' title='bbox 1281 2785 1327 2833; x_wconf 92' lang='lat' dir='ltr'>hoc</span> <span class='ocrx_word' id='word_1_182' title='bbox 1343 2784 1462 2842; x_wconf 85' lang='lat' dir='ltr'>voluerit,</span> <span class='ocrx_word' id='word_1_183' title='bbox 1478 2800 1561 2848; x_wconf 91' lang='lat' dir='ltr'>quum</span> 
     </span>
     <span class='ocr_line' id='line_1_24' title="bbox 420 2862 1561 2929; baseline 0.004 -20"><span class='ocrx_word' id='word_1_184' title='bbox 420 2862 477 2910; x_wconf 89' lang='lat' dir='ltr'>Hoc</span> <span class='ocrx_word' id='word_1_185' title='bbox 491 2865 625 2913; x_wconf 85' lang='lat' dir='ltr'>ostendunt</span> <span class='ocrx_word' id='word_1_186' title='bbox 635 2865 711 2916; x_wconf 84' lang='lat' dir='ltr'>MSS.</span> <span class='ocrx_word' id='word_1_187' title='bbox 738 2866 829 2929; x_wconf 83' lang='lat' dir='ltr'>Paulyi</span> <span class='ocrx_word' id='word_1_188' title='bbox 846 2864 969 2929; x_wconf 88' lang='lat' dir='ltr'>inquibus</span> <span class='ocrx_word' id='word_1_189' title='bbox 1010 2863 1033 2910; x_wconf 92' lang='lat' dir='ltr'>ei</span> <span class='ocrx_word' id='word_1_190' title='bbox 1056 2869 1081 2911; x_wconf 89' lang='lat' dir='ltr'>et</span> <span class='ocrx_word' id='word_1_191' title='bbox 1101 2879 1145 2927; x_wconf 88' lang='lat' dir='ltr'>per</span> <span class='ocrx_word' id='word_1_192' title='bbox 1165 2863 1279 2927; x_wconf 83' lang='lat' dir='ltr'>linguam</span> <span class='ocrx_word' id='word_1_193' title='bbox 1301 2871 1326 2912; x_wconf 87' lang='lat' dir='ltr'>et</span> <span class='ocrx_word' id='word_1_194' title='bbox 1346 2870 1454 2912; x_wconf 87' lang='lat' dir='ltr'>metrum</span> <span class='ocrx_word' id='word_1_195' title='bbox 1477 2864 1561 2915; x_wconf 84' lang='lat' dir='ltr'>dicere</span> 
     </span>
     <span class='ocr_line' id='line_1_25' title="bbox 420 2941 1560 3007; baseline 0.003 -17"><span class='ocrx_word' id='word_1_196' title='bbox 420 2944 521 3000; x_wconf 61' lang='lat' dir='ltr'>,cultus</span> <span class='ocrx_word' id='word_1_197' title='bbox 539 2962 591 2993; x_wconf 82' lang='grc' dir='ltr'>των</span> <span class='ocrx_word' id='word_1_198' title='bbox 603 2963 666 2994; x_wconf 87' lang='grc' dir='ltr'>εσων</span> <span class='ocrx_word' id='word_1_199' title='bbox 677 2949 743 3005; x_wconf 89' lang='lat' dir='ltr'>est;“</span> <span class='ocrx_word' id='word_1_200' title='bbox 761 2952 785 2993; x_wconf 91' lang='lat' dir='ltr'>et</span> <span class='ocrx_word' id='word_1_201' title='bbox 802 2945 901 3003; x_wconf 84' lang='lat' dir='ltr'>„cultus</span> <span class='ocrx_word' id='word_1_202' title='bbox 917 2948 970 2994; x_wconf 81' lang='grc' dir='ltr'>τῶν</span> <span class='ocrx_word' id='word_1_203' title='bbox 1010 2941 1119 2993; x_wconf 88' lang='lat' dir='ltr'>licuisset</span> <span class='ocrx_word' id='word_1_204' title='bbox 1136 2948 1217 2994; x_wconf 76' lang='lat' dir='ltr'>varia</span> <span class='ocrx_word' id='word_1_205' title='bbox 1251 2945 1321 3007; x_wconf 85' lang='lat' dir='ltr'>Ergo</span> <span class='ocrx_word' id='word_1_206' title='bbox 1338 2944 1495 3006; x_wconf 87' lang='lat' dir='ltr'>interpretari</span> <span class='ocrx_word' id='word_1_207' title='bbox 1505 2959 1560 2993; x_wconf 89' lang='lat' dir='ltr'>ma·</span> 
     </span>
     <span class='ocr_line' id='line_1_26' title="bbox 420 3021 1558 3087; baseline 0.003 -17"><span class='ocrx_word' id='word_1_208' title='bbox 420 3026 524 3085; x_wconf 85' lang='grc' dir='ltr'>μεσην.“</span> <span class='ocrx_word' id='word_1_209' title='bbox 569 3025 662 3073; x_wconf 82' lang='lat' dir='ltr'>Cultus</span> <span class='ocrx_word' id='word_1_210' title='bbox 690 3024 781 3073; x_wconf 86' lang='lat' dir='ltr'>scilicet</span> <span class='ocrx_word' id='word_1_211' title='bbox 806 3039 849 3087; x_wconf 90' lang='lat' dir='ltr'>per</span> <span class='ocrx_word' id='word_1_212' title='bbox 873 3038 899 3071; x_wconf 90' lang='lat' dir='ltr'>se</span> <span class='ocrx_word' id='word_1_213' title='bbox 924 3037 970 3071; x_wconf 86' lang='lat' dir='ltr'>nec</span> <span class='ocrx_word' id='word_1_214' title='bbox 1009 3021 1088 3081; x_wconf 89' lang='lat' dir='ltr'>lebat,</span> <span class='ocrx_word' id='word_1_215' title='bbox 1106 3038 1208 3073; x_wconf 86' lang='lat' dir='ltr'>coenam</span> <span class='ocrx_word' id='word_1_216' title='bbox 1225 3024 1325 3087; x_wconf 81' lang='lat' dir='ltr'>ingenio</span> <span class='ocrx_word' id='word_1_217' title='bbox 1342 3030 1366 3072; x_wconf 87' lang='lat' dir='ltr'>et</span> <span class='ocrx_word' id='word_1_218' title='bbox 1378 3029 1430 3071; x_wconf 86' lang='lat' dir='ltr'>erte</span> <span class='ocrx_word' id='word_1_219' title='bbox 1441 3036 1558 3073; x_wconf 88' lang='lat' dir='ltr'>cocorum</span> 
     </span>
     <span class='ocr_line' id='line_1_27' title="bbox 420 3102 1559 3167; baseline 0.008 -21"><span class='ocrx_word' id='word_1_220' title='bbox 420 3102 510 3147; x_wconf 81' lang='lat' dir='ltr'>bonum</span> <span class='ocrx_word' id='word_1_221' title='bbox 531 3116 576 3150; x_wconf 86' lang='lat' dir='ltr'>nec</span> <span class='ocrx_word' id='word_1_222' title='bbox 599 3107 694 3152; x_wconf 76' lang='lat' dir='ltr'>inuium</span> <span class='ocrx_word' id='word_1_223' title='bbox 717 3104 814 3151; x_wconf 87' lang='lat' dir='ltr'>cultum</span> <span class='ocrx_word' id='word_1_224' title='bbox 836 3103 968 3166; x_wconf 84' lang='lat' dir='ltr'>significat.</span> <span class='ocrx_word' id='word_1_225' title='bbox 1008 3102 1044 3150; x_wconf 87' lang='lat' dir='ltr'>ita</span> <span class='ocrx_word' id='word_1_226' title='bbox 1065 3105 1225 3167; x_wconf 82' lang='lat' dir='ltr'>compositam</span> <span class='ocrx_word' id='word_1_227' title='bbox 1245 3104 1368 3165; x_wconf 88' lang='lat' dir='ltr'>variisque</span> <span class='ocrx_word' id='word_1_228' title='bbox 1384 3104 1559 3155; x_wconf 80' lang='lat' dir='ltr'>additamentis</span> 
     </span>
     <span class='ocr_line' id='line_1_28' title="bbox 420 3177 1558 3248; baseline 0.01 -24"><span class='ocrx_word' id='word_1_229' title='bbox 420 3177 488 3238; x_wconf 82' lang='lat' dir='ltr'>Quas</span> <span class='ocrx_word' id='word_1_230' title='bbox 505 3180 583 3239; x_wconf 75' lang='grc' dir='ltr'>λέξεις</span> <span class='ocrx_word' id='word_1_231' title='bbox 603 3181 690 3231; x_wconf 86' lang='lat' dir='ltr'>Graeci</span> <span class='ocrx_word' id='word_1_232' title='bbox 706 3182 799 3247; x_wconf 81' lang='grc' dir='ltr'><em>μέσας,</em></span> <span class='ocrx_word' id='word_1_233' title='bbox 822 3182 906 3232; x_wconf 89' lang='lat' dir='ltr'>Latini</span> <span class='ocrx_word' id='word_1_234' title='bbox 922 3198 968 3231; x_wconf 86' lang='lat' dir='ltr'>me·</span> <span class='ocrx_word' id='word_1_235' title='bbox 1008 3189 1144 3242; x_wconf 87' lang='lat' dir='ltr'>mutatam,</span> <span class='ocrx_word' id='word_1_236' title='bbox 1160 3191 1189 3232; x_wconf 87' lang='lat' dir='ltr'>ut</span> <span class='ocrx_word' id='word_1_237' title='bbox 1205 3184 1325 3232; x_wconf 87' lang='lat' dir='ltr'>convivae</span> <span class='ocrx_word' id='word_1_238' title='bbox 1343 3184 1479 3243; x_wconf 84' lang='lat' dir='ltr'>nescirent,</span> <span class='ocrx_word' id='word_1_239' title='bbox 1495 3185 1558 3248; x_wconf 87' lang='lat' dir='ltr'>quid</span> 
     </span>
     <span class='ocr_line' id='line_1_29' title="bbox 420 3260 1557 3328; baseline 0.01 -25"><span class='ocrx_word' id='word_1_240' title='bbox 420 3260 464 3304; x_wconf 85' lang='lat' dir='ltr'>diu</span> <span class='ocrx_word' id='word_1_241' title='bbox 490 3264 515 3306; x_wconf 91' lang='lat' dir='ltr'>et</span> <span class='ocrx_word' id='word_1_242' title='bbox 539 3263 681 3310; x_wconf 75' lang='lat' dir='ltr'>eommunia</span> <span class='ocrx_word' id='word_1_243' title='bbox 706 3268 812 3321; x_wconf 85' lang='lat' dir='ltr'>vocant,</span> <span class='ocrx_word' id='word_1_244' title='bbox 837 3269 877 3319; x_wconf 90' lang='lat' dir='ltr'>ut,</span> <span class='ocrx_word' id='word_1_245' title='bbox 902 3263 968 3325; x_wconf 90' lang='lat' dir='ltr'>q&#39;uod</span> <span class='ocrx_word' id='word_1_246' title='bbox 1008 3262 1120 3324; x_wconf 86' lang='lat' dir='ltr'>ederent;</span> <span class='ocrx_word' id='word_1_247' title='bbox 1137 3264 1204 3327; x_wconf 88' lang='lat' dir='ltr'>quod</span> <span class='ocrx_word' id='word_1_248' title='bbox 1220 3263 1302 3326; x_wconf 88' lang='lat' dir='ltr'>ipsum</span> <span class='ocrx_word' id='word_1_249' title='bbox 1318 3262 1461 3324; x_wconf 87' lang='lat' dir='ltr'>diligentius</span> <span class='ocrx_word' id='word_1_250' title='bbox 1475 3265 1557 3328; x_wconf 86' lang='lat' dir='ltr'>expli·</span> 
     </span>
     <span class='ocr_line' id='line_1_30' title="bbox 422 3333 1556 3408; baseline 0.011 -26"><span class='ocrx_word' id='word_1_251' title='bbox 422 3333 518 3385; x_wconf 87' lang='lat' dir='ltr'>Gellius</span> <span class='ocrx_word' id='word_1_252' title='bbox 535 3339 594 3386; x_wconf 88' lang='lat' dir='ltr'>dicit</span> <span class='ocrx_word' id='word_1_253' title='bbox 610 3340 642 3387; x_wconf 91' lang='lat' dir='ltr'>N.</span> <span class='ocrx_word' id='word_1_254' title='bbox 656 3341 689 3388; x_wconf 91' lang='lat' dir='ltr'>A.</span> <span class='ocrx_word' id='word_1_255' title='bbox 706 3340 770 3389; x_wconf 93' lang='lat' dir='ltr'>XII.</span> <span class='ocrx_word' id='word_1_256' title='bbox 782 3341 805 3388; x_wconf 84' lang='lat'>9.</span> <span class='ocrx_word' id='word_1_257' title='bbox 824 3343 968 3408; x_wconf 74' lang='lat' dir='ltr'>sipiiificure</span> <span class='ocrx_word' id='word_1_258' title='bbox 1008 3342 1122 3390; x_wconf 81' lang='lat' dir='ltr'>eavitad</span> <span class='ocrx_word' id='word_1_259' title='bbox 1139 3342 1339 3393; x_wconf 84' lang='lat' dir='ltr'>Satir.II.v111.</span> <span class='ocrx_word' id='word_1_260' title='bbox 1356 3343 1396 3392; x_wconf 79' lang='lat'>28.</span> <span class='ocrx_word' id='word_1_261' title='bbox 1430 3344 1556 3406; x_wconf 87' lang='lat' dir='ltr'>Equidem</span> 
     </span>
     <span class='ocr_line' id='line_1_31' title="bbox 419 3418 1556 3480; baseline 0.011 -17"><span class='ocrx_word' id='word_1_262' title='bbox 419 3421 444 3463; x_wconf 88' lang='lat' dir='ltr'>et</span> <span class='ocrx_word' id='word_1_263' title='bbox 469 3431 558 3477; x_wconf 80' lang='lat' dir='ltr'>cepere</span> <span class='ocrx_word' id='word_1_264' title='bbox 580 3418 679 3480; x_wconf 79' lang='lat' dir='ltr'>possint</span> <span class='ocrx_word' id='word_1_265' title='bbox 704 3422 767 3468; x_wconf 82' lang='lat' dir='ltr'>duas</span> <span class='ocrx_word' id='word_1_266' title='bbox 791 3422 859 3470; x_wconf 82' lang='lat' dir='ltr'>iuter</span> <span class='ocrx_word' id='word_1_267' title='bbox 881 3436 907 3471; x_wconf 85' lang='lat' dir='ltr'>se</span> <span class='ocrx_word' id='word_1_268' title='bbox 926 3438 968 3471; x_wconf 76' lang='lat' dir='ltr'>res</span> <span class='ocrx_word' id='word_1_269' title='bbox 1008 3436 1102 3471; x_wconf 89' lang='lat' dir='ltr'>morem</span> <span class='ocrx_word' id='word_1_270' title='bbox 1126 3429 1270 3471; x_wconf 88' lang='lat' dir='ltr'>consuetum</span> <span class='ocrx_word' id='word_1_271' title='bbox 1295 3429 1400 3472; x_wconf 86' lang='lat' dir='ltr'>teneam.</span> <span class='ocrx_word' id='word_1_272' title='bbox 1433 3424 1556 3475; x_wconf 84' lang='lat' dir='ltr'>Horatius</span> 
     </span>
     <span class='ocr_line' id='line_1_32' title="bbox 418 3496 1555 3566; baseline 0.011 -24"><span class='ocrx_word' id='word_1_273' title='bbox 418 3498 569 3544; x_wconf 80' lang='lat' dir='ltr'>contrarios.</span> <span class='ocrx_word' id='word_1_274' title='bbox 597 3496 629 3545; x_wconf 93' lang='lat' dir='ltr'>In</span> <span class='ocrx_word' id='word_1_275' title='bbox 645 3498 742 3547; x_wconf 85' lang='lat' dir='ltr'>Fabric.</span> <span class='ocrx_word' id='word_1_276' title='bbox 759 3499 863 3563; x_wconf 82' lang='lat' dir='ltr'>legitur:</span> <span class='ocrx_word' id='word_1_277' title='bbox 881 3504 967 3551; x_wconf 84' lang='lat' dir='ltr'>cultus</span> <span class='ocrx_word' id='word_1_278' title='bbox 1006 3516 1095 3566; x_wconf 87' lang='lat' dir='ltr'>nempe</span> <span class='ocrx_word' id='word_1_279' title='bbox 1115 3507 1140 3550; x_wconf 88' lang='lat' dir='ltr'>et</span> <span class='ocrx_word' id='word_1_280' title='bbox 1155 3502 1199 3550; x_wconf 87' lang='lat' dir='ltr'>alii</span> <span class='ocrx_word' id='word_1_281' title='bbox 1214 3503 1361 3551; x_wconf 88' lang='lat' dir='ltr'>Terentium</span> <span class='ocrx_word' id='word_1_282' title='bbox 1377 3502 1471 3551; x_wconf 89' lang='lat' dir='ltr'>imitari</span> <span class='ocrx_word' id='word_1_283' title='bbox 1486 3519 1555 3554; x_wconf 89' lang='lat' dir='ltr'>ama-</span> 
     </span>
     <span class='ocr_line' id='line_1_33' title="bbox 417 3577 1555 3646; baseline 0.012 -26"><span class='ocrx_word' id='word_1_284' title='bbox 417 3587 507 3623; x_wconf 86' lang='lat' dir='ltr'>sueous</span> <span class='ocrx_word' id='word_1_285' title='bbox 523 3582 568 3624; x_wconf 87' lang='lat' dir='ltr'>est.</span> <span class='ocrx_word' id='word_1_286' title='bbox 602 3577 715 3640; x_wconf 86' lang='lat' dir='ltr'>Paulyus</span> <span class='ocrx_word' id='word_1_287' title='bbox 737 3585 809 3627; x_wconf 89' lang='lat' dir='ltr'>vocat</span> <span class='ocrx_word' id='word_1_288' title='bbox 825 3580 890 3628; x_wconf 89' lang='lat' dir='ltr'>hanc</span> <span class='ocrx_word' id='word_1_289' title='bbox 906 3582 966 3629; x_wconf 89' lang='lat' dir='ltr'>scri·</span> <span class='ocrx_word' id='word_1_290' title='bbox 1005 3582 1078 3640; x_wconf 85' lang='lat' dir='ltr'>bant,</span> <span class='ocrx_word' id='word_1_291' title='bbox 1094 3582 1189 3646; x_wconf 88' lang='lat' dir='ltr'>sibique</span> <span class='ocrx_word' id='word_1_292' title='bbox 1205 3583 1230 3630; x_wconf 88' lang='lat' dir='ltr'>in</span> <span class='ocrx_word' id='word_1_293' title='bbox 1248 3596 1275 3631; x_wconf 91' lang='lat' dir='ltr'>re</span> <span class='ocrx_word' id='word_1_294' title='bbox 1291 3583 1340 3631; x_wconf 84' lang='lat' dir='ltr'>ista</span> <span class='ocrx_word' id='word_1_295' title='bbox 1351 3581 1488 3645; x_wconf 86' lang='lat' dir='ltr'>placebant.</span> <span class='ocrx_word' id='word_1_296' title='bbox 1506 3585 1555 3634; x_wconf 87' lang='lat' dir='ltr'>Est</span> 
     </span>
     <span class='ocr_line' id='line_1_34' title="bbox 417 3656 1554 3727; baseline 0.011 -26"><span class='ocrx_word' id='word_1_297' title='bbox 417 3660 517 3716; x_wconf 87' lang='lat' dir='ltr'>piuram</span> <span class='ocrx_word' id='word_1_298' title='bbox 549 3656 677 3718; x_wconf 87' lang='lat' dir='ltr'>ineptam,</span> <span class='ocrx_word' id='word_1_299' title='bbox 709 3671 755 3705; x_wconf 84' lang='lat' dir='ltr'>nee</span> <span class='ocrx_word' id='word_1_300' title='bbox 783 3659 871 3708; x_wconf 87' lang='lat' dir='ltr'>melius</span> <span class='ocrx_word' id='word_1_301' title='bbox 899 3662 965 3723; x_wconf 91' lang='lat' dir='ltr'>apud</span> <span class='ocrx_word' id='word_1_302' title='bbox 1006 3675 1103 3724; x_wconf 89' lang='lat' dir='ltr'>quoque</span> <span class='ocrx_word' id='word_1_303' title='bbox 1128 3661 1155 3708; x_wconf 89' lang='lat' dir='ltr'>iu</span> <span class='ocrx_word' id='word_1_304' title='bbox 1179 3663 1258 3709; x_wconf 81' lang='lat' dir='ltr'>dubia</span> <span class='ocrx_word' id='word_1_305' title='bbox 1286 3677 1362 3711; x_wconf 84' lang='lat' dir='ltr'>coena</span> <span class='ocrx_word' id='word_1_306' title='bbox 1385 3662 1468 3710; x_wconf 88' lang='lat' dir='ltr'>nescio</span> <span class='ocrx_word' id='word_1_307' title='bbox 1492 3665 1554 3727; x_wconf 88' lang='lat' dir='ltr'>quid</span> 
     </span>
     <span class='ocr_line' id='line_1_35' title="bbox 419 3731 1554 3801; baseline 0.011 -21"><span class='ocrx_word' id='word_1_308' title='bbox 419 3731 646 3783; x_wconf 79' lang='lat' dir='ltr'>commentatorem</span> <span class='ocrx_word' id='word_1_309' title='bbox 665 3736 782 3801; x_wconf 84' lang='lat' dir='ltr'>Cruquii:</span> <span class='ocrx_word' id='word_1_310' title='bbox 804 3743 905 3798; x_wconf 64' lang='lat' dir='ltr'>,cultas</span> <span class='ocrx_word' id='word_1_311' title='bbox 922 3756 965 3789; x_wconf 91' lang='lat' dir='ltr'>no·</span> <span class='ocrx_word' id='word_1_312' title='bbox 1006 3739 1112 3799; x_wconf 89' lang='lat' dir='ltr'>Comici,</span> <span class='ocrx_word' id='word_1_313' title='bbox 1138 3740 1234 3790; x_wconf 80' lang='lat' dir='ltr'>Satires</span> <span class='ocrx_word' id='word_1_314' title='bbox 1257 3741 1382 3789; x_wconf 88' lang='lat' dir='ltr'>decorum.</span> <span class='ocrx_word' id='word_1_315' title='bbox 1419 3742 1554 3792; x_wconf 87' lang='lat' dir='ltr'>Terentius</span> 
     </span>
     <span class='ocr_line' id='line_1_36' title="bbox 417 3816 1553 3885; baseline 0.011 -26"><span class='ocrx_word' id='word_1_316' title='bbox 417 3826 475 3860; x_wconf 88' lang='lat' dir='ltr'>men</span> <span class='ocrx_word' id='word_1_317' title='bbox 497 3816 605 3875; x_wconf 78' lang='lat' dir='ltr'>genetivi</span> <span class='ocrx_word' id='word_1_318' title='bbox 628 3820 725 3865; x_wconf 87' lang='lat' dir='ltr'>casus.“</span> <span class='ocrx_word' id='word_1_319' title='bbox 763 3819 795 3867; x_wconf 91' lang='lat' dir='ltr'>In</span> <span class='ocrx_word' id='word_1_320' title='bbox 818 3820 965 3871; x_wconf 85' lang='lat' dir='ltr'>Fabriciano</span> <span class='ocrx_word' id='word_1_321' title='bbox 1004 3820 1031 3868; x_wconf 92' lang='lat' dir='ltr'>in</span> <span class='ocrx_word' id='word_1_322' title='bbox 1048 3821 1124 3869; x_wconf 91' lang='lat' dir='ltr'>verbo</span> <span class='ocrx_word' id='word_1_323' title='bbox 1139 3820 1260 3883; x_wconf 89' lang='lat' dir='ltr'>quaesivit</span> <span class='ocrx_word' id='word_1_324' title='bbox 1276 3820 1417 3870; x_wconf 88' lang='lat' dir='ltr'>ridiculum.</span> <span class='ocrx_word' id='word_1_325' title='bbox 1451 3821 1553 3885; x_wconf 85' lang='lat' dir='ltr'>Signifi-</span> 
     </span>
     <span class='ocr_line' id='line_1_37' title="bbox 418 3890 1553 3962; baseline 0.01 -23"><span class='ocrx_word' id='word_1_326' title='bbox 418 3890 475 3940; x_wconf 87' lang='lat' dir='ltr'>MS.</span> <span class='ocrx_word' id='word_1_327' title='bbox 493 3908 594 3951; x_wconf 83' lang='lat' dir='ltr'>saeuus,</span> <span class='ocrx_word' id='word_1_328' title='bbox 620 3895 646 3942; x_wconf 93' lang='lat' dir='ltr'>ni</span> <span class='ocrx_word' id='word_1_329' title='bbox 663 3895 751 3954; x_wconf 85' lang='lat' dir='ltr'>fallor,</span> <span class='ocrx_word' id='word_1_330' title='bbox 776 3904 907 3961; x_wconf 85' lang='lat' dir='ltr'>corruptus</span> <span class='ocrx_word' id='word_1_331' title='bbox 928 3910 965 3950; x_wconf 90' lang='lat' dir='ltr'>est</span> <span class='ocrx_word' id='word_1_332' title='bbox 1004 3902 1069 3950; x_wconf 86' lang='lat' dir='ltr'>catio</span> <span class='ocrx_word' id='word_1_333' title='bbox 1093 3916 1160 3950; x_wconf 86' lang='lat' dir='ltr'>nova</span> <span class='ocrx_word' id='word_1_334' title='bbox 1184 3901 1295 3958; x_wconf 78' lang='lat' dir='ltr'>ridetur,</span> <span class='ocrx_word' id='word_1_335' title='bbox 1316 3900 1368 3949; x_wconf 90' lang='lat' dir='ltr'>sive</span> <span class='ocrx_word' id='word_1_336' title='bbox 1392 3907 1452 3949; x_wconf 82' lang='lat' dir='ltr'>tunc</span> <span class='ocrx_word' id='word_1_337' title='bbox 1474 3901 1553 3962; x_wconf 85' lang='lat' dir='ltr'>facta,</span> 
     </span>
     <span class='ocr_line' id='line_1_38' title="bbox 417 3971 1551 4045; baseline 0.011 -27"><span class='ocrx_word' id='word_1_338' title='bbox 417 3984 450 4018; x_wconf 86' lang='lat' dir='ltr'>ex</span> <span class='ocrx_word' id='word_1_339' title='bbox 473 3975 524 4019; x_wconf 78' lang='grc' dir='ltr'>τῶν</span> <span class='ocrx_word' id='word_1_340' title='bbox 544 3971 640 4035; x_wconf 85' lang='grc' dir='ltr'><em>μέσων,</em></span> <span class='ocrx_word' id='word_1_341' title='bbox 663 3983 687 4023; x_wconf 90' lang='lat' dir='ltr'>et</span> <span class='ocrx_word' id='word_1_342' title='bbox 704 3976 891 4027; x_wconf 71' lang='lat' dir='ltr'>commentator</span> <span class='ocrx_word' id='word_1_343' title='bbox 911 3987 964 4028; x_wconf 90' lang='lat' dir='ltr'>tau·</span> <span class='ocrx_word' id='word_1_344' title='bbox 1003 3984 1056 4032; x_wconf 85' lang='lat' dir='ltr'>sive</span> <span class='ocrx_word' id='word_1_345' title='bbox 1073 3983 1122 4031; x_wconf 89' lang='lat' dir='ltr'>iam</span> <span class='ocrx_word' id='word_1_346' title='bbox 1139 3982 1170 4029; x_wconf 91' lang='lat' dir='ltr'>ab</span> <span class='ocrx_word' id='word_1_347' title='bbox 1187 3983 1236 4030; x_wconf 88' lang='lat' dir='ltr'>alio</span> <span class='ocrx_word' id='word_1_348' title='bbox 1252 3983 1326 4045; x_wconf 72' lang='lat' dir='ltr'>pobta</span> <span class='ocrx_word' id='word_1_349' title='bbox 1341 3980 1460 4043; x_wconf 82' lang='lat' dir='ltr'>adhibita,</span> <span class='ocrx_word' id='word_1_350' title='bbox 1476 3996 1551 4045; x_wconf 85' lang='lat' dir='ltr'>quern</span> 
     </span>
     <span class='ocr_line' id='line_1_39' title="bbox 417 4050 1551 4122; baseline 0.012 -26"><span class='ocrx_word' id='word_1_351' title='bbox 417 4056 471 4097; x_wconf 89' lang='lat' dir='ltr'>tum</span> <span class='ocrx_word' id='word_1_352' title='bbox 494 4050 643 4113; x_wconf 81' lang='lat' dir='ltr'>significavit</span> <span class='ocrx_word' id='word_1_353' title='bbox 664 4058 749 4105; x_wconf 83' lang='lat' dir='ltr'>cultus</span> <span class='ocrx_word' id='word_1_354' title='bbox 770 4071 821 4104; x_wconf 93' lang='lat' dir='ltr'>non</span> <span class='ocrx_word' id='word_1_355' title='bbox 840 4072 892 4107; x_wconf 90' lang='lat' dir='ltr'>esse</span> <span class='ocrx_word' id='word_1_356' title='bbox 908 4075 963 4122; x_wconf 87' lang='lat' dir='ltr'>par·</span> <span class='ocrx_word' id='word_1_357' title='bbox 1004 4062 1111 4111; x_wconf 88' lang='lat' dir='ltr'>vellicat.</span> <span class='ocrx_word' id='word_1_358' title='bbox 1145 4063 1212 4111; x_wconf 88' lang='lat' dir='ltr'>Tum</span> <span class='ocrx_word' id='word_1_359' title='bbox 1233 4076 1308 4111; x_wconf 84' lang='lat' dir='ltr'>coena</span> <span class='ocrx_word' id='word_1_360' title='bbox 1329 4060 1369 4109; x_wconf 89' lang='lat' dir='ltr'>hic</span> <span class='ocrx_word' id='word_1_361' title='bbox 1385 4075 1459 4109; x_wconf 89' lang='lat' dir='ltr'>omne</span> <span class='ocrx_word' id='word_1_362' title='bbox 1475 4060 1551 4121; x_wconf 90' lang='lat' dir='ltr'>illud,</span> 
     </span>
     <span class='ocr_line' id='line_1_40' title="bbox 416 4128 1551 4205; baseline 0.011 -29"><span class='ocrx_word' id='word_1_363' title='bbox 416 4128 529 4192; x_wconf 87' lang='lat' dir='ltr'>ticipium</span> <span class='ocrx_word' id='word_1_364' title='bbox 554 4132 698 4193; x_wconf 89' lang='lat' dir='ltr'>passivum,</span> <span class='ocrx_word' id='word_1_365' title='bbox 724 4137 766 4184; x_wconf 88' lang='lat' dir='ltr'>sed</span> <span class='ocrx_word' id='word_1_366' title='bbox 791 4151 882 4185; x_wconf 90' lang='lat' dir='ltr'>nomen</span> <span class='ocrx_word' id='word_1_367' title='bbox 906 4139 963 4186; x_wconf 91' lang='lat' dir='ltr'>sub·</span> <span class='ocrx_word' id='word_1_368' title='bbox 1003 4144 1069 4205; x_wconf 88' lang='lat' dir='ltr'>quod</span> <span class='ocrx_word' id='word_1_369' title='bbox 1093 4144 1119 4191; x_wconf 90' lang='lat' dir='ltr'>in</span> <span class='ocrx_word' id='word_1_370' title='bbox 1143 4142 1258 4191; x_wconf 80' lang='lat' dir='ltr'>convivio</span> <span class='ocrx_word' id='word_1_371' title='bbox 1277 4142 1386 4205; x_wconf 88' lang='lat' dir='ltr'>positum</span> <span class='ocrx_word' id='word_1_372' title='bbox 1402 4140 1462 4199; x_wconf 86' lang='lat' dir='ltr'>tuit,</span> <span class='ocrx_word' id='word_1_373' title='bbox 1484 4155 1551 4189; x_wconf 91' lang='lat' dir='ltr'>com·</span> 
     </span>
     <span class='ocr_line' id='line_1_41' title="bbox 416 4210 1550 4285; baseline 0.011 -28"><span class='ocrx_word' id='word_1_374' title='bbox 416 4210 566 4270; x_wconf 87' lang='lat' dir='ltr'>stantivum,</span> <span class='ocrx_word' id='word_1_375' title='bbox 588 4219 613 4260; x_wconf 89' lang='lat' dir='ltr'>et</span> <span class='ocrx_word' id='word_1_376' title='bbox 634 4214 734 4277; x_wconf 89' lang='lat' dir='ltr'>quidem</span> <span class='ocrx_word' id='word_1_377' title='bbox 757 4215 860 4278; x_wconf 87' lang='lat' dir='ltr'>genitivi</span> <span class='ocrx_word' id='word_1_378' title='bbox 883 4231 963 4268; x_wconf 88' lang='lat' dir='ltr'>casus.</span> <span class='ocrx_word' id='word_1_379' title='bbox 1003 4222 1129 4285; x_wconf 85' lang='lat' dir='ltr'>plectitur:</span> <span class='ocrx_word' id='word_1_380' title='bbox 1152 4237 1237 4271; x_wconf 89' lang='lat' dir='ltr'>omnes</span> <span class='ocrx_word' id='word_1_381' title='bbox 1258 4228 1342 4271; x_wconf 88' lang='lat' dir='ltr'>autem</span> <span class='ocrx_word' id='word_1_382' title='bbox 1362 4221 1462 4269; x_wconf 91' lang='lat' dir='ltr'>omnino</span> <span class='ocrx_word' id='word_1_383' title='bbox 1483 4220 1550 4269; x_wconf 85' lang='lat' dir='ltr'>cibos</span> 
     </span>
     <span class='ocr_line' id='line_1_42' title="bbox 416 4289 1549 4361; baseline 0.011 -24"><span class='ocrx_word' id='word_1_384' title='bbox 416 4289 570 4353; x_wconf 82' lang='lat' dir='ltr'>Exemplum</span> <span class='ocrx_word' id='word_1_385' title='bbox 585 4291 687 4342; x_wconf 87' lang='lat' dir='ltr'>Salustii</span> <span class='ocrx_word' id='word_1_386' title='bbox 700 4293 800 4344; x_wconf 78' lang='lat' dir='ltr'>Cottius</span> <span class='ocrx_word' id='word_1_387' title='bbox 815 4297 846 4343; x_wconf 87' lang='lat' dir='ltr'>ad</span> <span class='ocrx_word' id='word_1_388' title='bbox 859 4298 962 4360; x_wconf 83' lang='lat' dir='ltr'>Fragm.</span> <span class='ocrx_word' id='word_1_389' title='bbox 1002 4304 1037 4352; x_wconf 76' lang='lat' dir='ltr'>ita</span> <span class='ocrx_word' id='word_1_390' title='bbox 1053 4306 1139 4352; x_wconf 75' lang='lat' dir='ltr'>dubios</span> <span class='ocrx_word' id='word_1_391' title='bbox 1149 4303 1236 4361; x_wconf 82' lang='lat' dir='ltr'>fuisse,</span> <span class='ocrx_word' id='word_1_392' title='bbox 1253 4301 1298 4349; x_wconf 79' lang='lat' dir='ltr'>vix</span> <span class='ocrx_word' id='word_1_393' title='bbox 1309 4299 1425 4349; x_wconf 86' lang='lat' dir='ltr'>credibile</span> <span class='ocrx_word' id='word_1_394' title='bbox 1435 4306 1480 4348; x_wconf 86' lang='lat' dir='ltr'>est.</span> <span class='ocrx_word' id='word_1_395' title='bbox 1497 4299 1549 4349; x_wconf 90' lang='lat' dir='ltr'>De·</span> 
     </span>
     <span class='ocr_line' id='line_1_43' title="bbox 415 4367 1549 4447; baseline 0.011 -32"><span class='ocrx_word' id='word_1_396' title='bbox 415 4367 515 4418; x_wconf 85' lang='lat' dir='ltr'>Incerta</span> <span class='ocrx_word' id='word_1_397' title='bbox 537 4371 622 4419; x_wconf 88' lang='lat' dir='ltr'>retulit</span> <span class='ocrx_word' id='word_1_398' title='bbox 637 4386 661 4434; x_wconf 90' lang='lat' dir='ltr'>p.</span> <span class='ocrx_word' id='word_1_399' title='bbox 680 4374 751 4423; x_wconf 85' lang='lat'>1008.</span> <span class='ocrx_word' id='word_1_400' title='bbox 784 4376 838 4423; x_wconf 90' lang='lat' dir='ltr'>Nec</span> <span class='ocrx_word' id='word_1_401' title='bbox 854 4376 963 4426; x_wconf 89' lang='lat' dir='ltr'>dubitari</span> <span class='ocrx_word' id='word_1_402' title='bbox 1003 4384 1076 4447; x_wconf 80' lang='lat' dir='ltr'>nique</span> <span class='ocrx_word' id='word_1_403' title='bbox 1091 4398 1167 4433; x_wconf 72' lang='lat' dir='ltr'>coena</span> <span class='ocrx_word' id='word_1_404' title='bbox 1183 4386 1260 4432; x_wconf 76' lang='lat' dir='ltr'>dubia</span> <span class='ocrx_word' id='word_1_405' title='bbox 1279 4380 1365 4445; x_wconf 86' lang='lat' dir='ltr'>paullo</span> <span class='ocrx_word' id='word_1_406' title='bbox 1381 4380 1438 4442; x_wconf 87' lang='lat' dir='ltr'>plus</span> <span class='ocrx_word' id='word_1_407' title='bbox 1454 4380 1549 4442; x_wconf 83' lang='lat' dir='ltr'>signiti-</span> 
     </span>
     <span class='ocr_line' id='line_1_44' title="bbox 415 4449 1548 4525; baseline 0.012 -30"><span class='ocrx_word' id='word_1_408' title='bbox 415 4454 508 4508; x_wconf 88' lang='lat' dir='ltr'>potest,</span> <span class='ocrx_word' id='word_1_409' title='bbox 532 4450 592 4512; x_wconf 88' lang='lat' dir='ltr'>quin</span> <span class='ocrx_word' id='word_1_410' title='bbox 618 4449 721 4501; x_wconf 85' lang='lat' dir='ltr'>Salustii</span> <span class='ocrx_word' id='word_1_411' title='bbox 745 4455 777 4503; x_wconf 89' lang='lat' dir='ltr'>sit</span> <span class='ocrx_word' id='word_1_412' title='bbox 802 4458 887 4505; x_wconf 83' lang='lat' dir='ltr'>cultus</span> <span class='ocrx_word' id='word_1_413' title='bbox 912 4460 962 4516; x_wconf 81' lang='lat' dir='ltr'>rei,</span> <span class='ocrx_word' id='word_1_414' title='bbox 1002 4468 1041 4510; x_wconf 90' lang='lat' dir='ltr'>cat</span> <span class='ocrx_word' id='word_1_415' title='bbox 1057 4477 1132 4525; x_wconf 86' lang='lat' dir='ltr'>quam</span> <span class='ocrx_word' id='word_1_416' title='bbox 1148 4466 1229 4511; x_wconf 74' lang='lat' dir='ltr'>ouria</span> <span class='ocrx_word' id='word_1_417' title='bbox 1263 4464 1354 4520; x_wconf 82' lang='lat' dir='ltr'>Varia,</span> <span class='ocrx_word' id='word_1_418' title='bbox 1377 4458 1485 4509; x_wconf 82' lang='grc' dir='ltr'>δεῖπνον</span> <span class='ocrx_word' id='word_1_419' title='bbox 1501 4477 1548 4509; x_wconf 86' lang='grc' dir='ltr'>πο·</span> 
     </span>
     <span class='ocr_line' id='line_1_45' title="bbox 415 4526 1547 4604; baseline 0.011 -30"><span class='ocrx_word' id='word_1_420' title='bbox 415 4526 461 4575; x_wconf 93' lang='lat' dir='ltr'>hoc</span> <span class='ocrx_word' id='word_1_421' title='bbox 478 4535 526 4588; x_wconf 88' lang='lat' dir='ltr'>est,</span> <span class='ocrx_word' id='word_1_422' title='bbox 545 4537 573 4578; x_wconf 90' lang='lat' dir='ltr'>ut</span> <span class='ocrx_word' id='word_1_423' title='bbox 589 4531 625 4579; x_wconf 90' lang='lat' dir='ltr'>rei</span> <span class='ocrx_word' id='word_1_424' title='bbox 642 4532 733 4592; x_wconf 83' lang='lat' dir='ltr'>solent,</span> <span class='ocrx_word' id='word_1_425' title='bbox 751 4534 777 4582; x_wconf 91' lang='lat' dir='ltr'>in</span> <span class='ocrx_word' id='word_1_426' title='bbox 790 4538 891 4587; x_wconf 89' lang='lat' dir='ltr'>modum</span> <span class='ocrx_word' id='word_1_427' title='bbox 909 4553 961 4588; x_wconf 89' lang='lat' dir='ltr'>rec·</span> <span class='ocrx_word' id='word_1_428' title='bbox 1001 4540 1101 4604; x_wconf 76' lang='grc' dir='ltr'>λύοψόν</span> <span class='ocrx_word' id='word_1_429' title='bbox 1117 4546 1198 4591; x_wconf 77' lang='grc' dir='ltr'>τεκαὶ</span> <span class='ocrx_word' id='word_1_430' title='bbox 1224 4542 1356 4601; x_wconf 76' lang='grc' dir='ltr'>ποικίλον,</span> <span class='ocrx_word' id='word_1_431' title='bbox 1376 4554 1415 4588; x_wconf 89' lang='lat' dir='ltr'>res</span> <span class='ocrx_word' id='word_1_432' title='bbox 1435 4538 1547 4588; x_wconf 84' lang='lat' dir='ltr'>diversas</span> 
     </span>
     <span class='ocr_line' id='line_1_46' title="bbox 413 4610 1546 4680; baseline 0.011 -26"><span class='ocrx_word' id='word_1_433' title='bbox 413 4622 479 4657; x_wconf 85' lang='lat' dir='ltr'>rum.</span> <span class='ocrx_word' id='word_1_434' title='bbox 513 4610 561 4658; x_wconf 90' lang='lat' dir='ltr'>Ille</span> <span class='ocrx_word' id='word_1_435' title='bbox 577 4612 654 4660; x_wconf 85' lang='lat' dir='ltr'>talem</span> <span class='ocrx_word' id='word_1_436' title='bbox 671 4627 744 4661; x_wconf 86' lang='lat' dir='ltr'>usum</span> <span class='ocrx_word' id='word_1_437' title='bbox 762 4614 836 4665; x_wconf 89' lang='lat' dir='ltr'>buius</span> <span class='ocrx_word' id='word_1_438' title='bbox 849 4619 961 4668; x_wconf 87' lang='lat' dir='ltr'>substan·</span> <span class='ocrx_word' id='word_1_439' title='bbox 1000 4621 1121 4680; x_wconf 87' lang='lat' dir='ltr'>continet,</span> <span class='ocrx_word' id='word_1_440' title='bbox 1138 4622 1205 4669; x_wconf 88' lang='lat' dir='ltr'>haud</span> <span class='ocrx_word' id='word_1_441' title='bbox 1221 4621 1358 4671; x_wconf 85' lang='lat' dir='ltr'>necessario</span> <span class='ocrx_word' id='word_1_442' title='bbox 1376 4625 1477 4667; x_wconf 84' lang='lat' dir='ltr'>cunetas</span> <span class='ocrx_word' id='word_1_443' title='bbox 1494 4627 1546 4667; x_wconf 86' lang='lat' dir='ltr'>tam</span> 
     </span>
     <span class='ocr_line' id='line_1_47' title="bbox 414 4688 1463 4765; baseline 0.013 -33"><span class='ocrx_word' id='word_1_444' title='bbox 414 4688 458 4736; x_wconf 85' lang='lat' dir='ltr'>livi</span> <span class='ocrx_word' id='word_1_445' title='bbox 475 4697 554 4750; x_wconf 86' lang='lat' dir='ltr'>amat,</span> <span class='ocrx_word' id='word_1_446' title='bbox 571 4699 599 4739; x_wconf 88' lang='lat' dir='ltr'>ut</span> <span class='ocrx_word' id='word_1_447' title='bbox 610 4708 633 4738; x_wconf 79' lang='lat' dir='ltr'>s.</span> <span class='ocrx_word' id='word_1_448' title='bbox 643 4707 662 4739; x_wconf 88' lang='lat' dir='ltr'>c.</span> <span class='ocrx_word' id='word_1_449' title='bbox 672 4693 797 4754; x_wconf 80' lang='lat' dir='ltr'>iugurtha</span> <span class='ocrx_word' id='word_1_450' title='bbox 806 4697 845 4743; x_wconf 84' lang='grc'>33,</span> <span class='ocrx_word' id='word_1_451' title='bbox 871 4700 961 4759; x_wconf 67' lang='lat' dir='ltr'>Iqitur</span> <span class='ocrx_word' id='word_1_452' title='bbox 1000 4714 1101 4759; x_wconf 88' lang='lat' dir='ltr'>suaves,</span> <span class='ocrx_word' id='word_1_453' title='bbox 1118 4707 1158 4758; x_wconf 89' lang='lat' dir='ltr'>ut,</span> <span class='ocrx_word' id='word_1_454' title='bbox 1175 4701 1234 4765; x_wconf 90' lang='lat' dir='ltr'>quid</span> <span class='ocrx_word' id='word_1_455' title='bbox 1251 4701 1341 4764; x_wconf 80' lang='lat' dir='ltr'>eligas,</span> <span class='ocrx_word' id='word_1_456' title='bbox 1358 4699 1463 4747; x_wconf 82' lang='lat' dir='ltr'>dubites.</span> 
     </span>
    </p>
   </div>
   <div class='ocr_carea' id='block_1_4' title="bbox 0 0 1880 5759">
    <p class='ocr_par' dir='ltr' id='par_1_9' title="bbox 0 0 1880 5759">
     <span class='ocr_line' id='line_1_48' title="bbox 0 0 1880 5759; baseline 0 5"><span class='ocrx_word' id='word_1_457' title='bbox 0 0 1880 5759; x_wconf 95' lang='lat' dir='ltr'> </span> 
     </span>
    </p>
   </div>
  </div>
 </body>
</html>
