3750 5759
803 712 984 784 LIBER
1031 714 1072 779 ΙΙ.

418 899 588 984 Respicere
612 900 726 984 ignoto
751 900 854 964 discet
877 900 1055 984 pendentia
1077 907 1177 986 tergo.

415 1002 564 1086 „Stoice,
588 1008 663 1088 post
686 1004 842 1068 damnum
866 1003 912 1068 sic
935 1005 1057 1070 vendes
1081 1006 1192 1070 omnia
1214 1007 1334 1090 pluris:

416 1106 487 1187 Qus
511 1130 562 1173 me
588 1109 748 1190 stultitia,
774 1107 928 1193 quoniam
953 1130 1018 1173 non
1042 1115 1093 1176 est
1115 1133 1219 1195 genus
1242 1133 1362 1194 unum,

415 1212 561 1278 insanire
584 1215 704 1298 putas?
732 1213 804 1297 Ego
827 1211 1039 1277 namnideor
1060 1214 1142 1278 mihi
1166 1220 1299 1281 sunus.“

415 1316 546 1399 „Quint
568 1323 667 1403 capnt
684 1318 864 1384 abscissum
887 1317 1040 1383 manibus
1064 1342 1165 1404 quum
1187 1327 1297 1405 portet
1320 1321 1432 1405 Agave

416 1421 518 1487 Gnati
541 1423 700 1506 infelicis,
725 1423 789 1488 sibi
813 1427 884 1486 tum
907 1421 1031 1488 furiose
1053 1424 1225 1490 videtur?“

416 1525 587 1608 „Stultum
610 1550 663 1593 me
686 1528 804 1609 fateor,
828 1525 925 1591 liceat
948 1527 1120 1593 concedere
1141 1529 1245 1612 veris,

414 1629 522 1715 Atque
545 1631 644 1696 etiam
668 1631 837 1707 insanum3
862 1634 994 1694 tantum
1017 1631 1077 1696 hoc
1101 1631 1254 1715 edissere,
1279 1655 1343 1718 quo
1365 1653 1417 1696 me

367 1784 442 1841 liuns,
460 1784 499 1831 Et
515 1785 560 1845 qui
575 1784 625 1846 ipsi
640 1789 682 1832 ect
694 1785 792 1839 hubent,
810 1781 912 1846 quodie
952 1783 1094 1845 uicplurc'e.
1121 1784 1248 1833 Damnum
1269 1799 1300 1832 ex
1312 1783 1378 1832 male
1389 1783 1495 1832 emtione

367 1862 435 1924 ipsos
451 1877 507 1910 cere
522 1865 602 1925 possit
619 1864 705 1911 dicier.
952 1869 976 1910 et
992 1863 1134 1911 venditione
1154 1871 1243 1912 ortum.
1265 1863 1442 1911 Emendcndus
1456 1862 1496 1910 hic

400 1942 563 1991 Doderlinus:
590 1942 718 2001 „silocus
735 1949 839 1990 nonest
860 1954 911 1989 cor·
952 1949 989 1990 est
1012 1942 1080 1990 locus
1107 1942 1214 1992 Senecae
1244 1943 1274 1991 de
1299 1941 1405 1991 Benefic.
1431 1942 1495 1990 XII.

367 2029 463 2083 ruptus,
481 2022 507 2069 in
525 2025 627 2071 totidem
644 2024 785 2084 cogitentur
801 2023 912 2071 conuicia
952 2023 1031 2071 Nemo
1059 2025 1230 2072 Tusculanum
1258 2027 1304 2070 aut
1333 2022 1497 2071 Tiburtinum

368 2100 409 2149 vel
425 2104 538 2161 nominc,
554 2104 620 2167 quod
638 2103 813 2150 assumendum
826 2101 909 2148 exin·
951 2117 1029 2150 emere
1050 2107 1162 2164 paratus
1187 2103 1350 2151 salubritatis
1366 2115 1456 2150 cauere
1472 2107 1498 2150 et

366 2196 450 2228 canuc.
485 2182 525 2230 Ite
541 2181 658 2231 Orellius.
685 2181 813 2230 Sententia
828 2187 912 2228 tumen
951 2183 1040 2229 amici
1055 2194 1178 2238 secessus,
1194 2185 1270 2244 quoto
1286 2195 1352 2229 anno
1364 2185 1497 2242 empturus

367 2269 392 2310 et
414 2261 473 2310 haec
497 2276 550 2310 esse
565 2269 657 2325 potest:
683 2263 725 2326 qui
741 2276 781 2308 me
797 2260 911 2307 insanum
952 2262 988 2309 eit
1004 2263 1142 2323 disputat:
1168 2276 1224 2310 cnm
1252 2261 1352 2316 emerit,
1380 2261 1499 2308 tuertdurn

367 2341 470 2400 dixerit,
486 2343 588 2390 totidem
605 2342 722 2397 insenius,
740 2339 781 2388 vel
803 2338 912 2386 insaniae
952 2346 997 2388 eet.
1026 2341 1128 2403 Lipsius
1151 2339 1221 2387 varis
1237 2344 1331 2388 tentet:
1357 2344 1434 2402 quotu
1450 2354 1497 2387 cm·

368 2421 525 2479 documenta,
546 2423 651 2485 pendcrc
675 2428 746 2483 tergo
762 2420 858 2482 ignoto,
877 2426 911 2467 at·
950 2425 1058 2481 piures,
1075 2426 1148 2483 quoto
1165 2417 1326 2486 nummc,vel
1342 2424 1416 2481 quoto
1433 2434 1499 2468 anno

367 2514 415 2562 que
440 2501 572 2563 pendentia
596 2502 715 2563 respicere
739 2498 822 2547 discet.
863 2498 912 2548 Cui
952 2501 1067 2562 disputat
1073 2517 1083 2560 ‚·
1099 2507 1128 2548 ut
1139 2499 1235 2562 relique
1246 2497 1499 2561 sinteglossemstio.

367 2588 484 2628 neutrum
501 2581 607 2643 placeat,
628 2581 649 2627 is
666 2580 770 2628 fortusse
786 2580 910 2627 emendet:
953 2579 1019 2627 Mihi
1036 2578 1130 2628 Seneca
1138 2579 1263 2641 scripsisse
1273 2579 1387 2640 videtur:
1403 2585 1498 2641 quanto

368 2659 477 2708 Dixerit
504 2662 621 2708 insanum
645 2661 689 2721 qui
716 2665 819 2716 memet,
845 2660 911 2707 idern
952 2660 1043 2708 damno
1059 2665 1189 2721 empturus
1205 2661 1246 2707 sit.
1277 2657 1327 2719 Qui
1344 2659 1378 2707 ite
1395 2665 1496 2722 paratus

368 2740 480 2790 audiere
951 2744 988 2786 est
1004 2751 1096 2796 emere,
1113 2751 1164 2785 non
1181 2737 1256 2786 anxie
1272 2737 1390 2786 deliberet
1400 2739 1430 2787 de
1441 2752 1495 2800 pre·

400 2820 537 2881 Respicere
560 2821 644 2881 ipnctc
675 2819 754 2866 discet
775 2818 912 2879 pendentia
951 2816 994 2876 tio,
1011 2816 1073 2865 bene
1089 2831 1122 2864 cn
1139 2816 1205 2866 mele
1221 2817 1253 2864 sit
1270 2824 1405 2880 emptums,

368 2905 443 2961 terpo.
462 2897 554 2948 Omnes
563 2904 706 2961 comparant
715 2895 811 2945 Catulli
818 2897 908 2946 XXH.
985 2899 1101 2947 Stultum
1117 2912 1156 2945 me
1165 2897 1268 2958 fateor,
1285 2899 1359 2946 licem
1370 2898 1498 2948 concedere

369 2981 428 3028 Non
445 2980 556 3027 eiciemus
576 2979 701 3026 rncnticce
718 2978 784 3038 quod
799 2978 827 3025 in
843 2982 911 3039 terpc
950 2979 1024 3027 veris.
1057 2977 1193 3026 Horkeiius
1217 2976 1316 3039 legebat
1332 2979 1373 3026 icc
1388 2983 1426 3026 est
1442 2991 1496 3026 cen·

367 3065 418 3107 est:
444 3066 469 3106 et
485 3058 612 3116 Phaedri,
627 3057 676 3106 IV.
694 3057 717 3104 9.
738 3057 806 3103 ncalc
822 3062 911 3104 nostru
951 3060 1035 3107 cedere
1054 3060 1127 3107 cerie
1162 3057 1316 3106 Meinekius:
1337 3058 1422 3106 vincat
1442 3070 1496 3106 cen-

367 3141 450 3188 sidere
474 3154 523 3186 non
549 3151 686 3198 poscumus.
720 3136 806 3200 Atque
830 3136 864 3184 ite
884 3137 910 3184 in
950 3139 1034 3186 cedere
1049 3139 1125 3186 ucis.
1159 3136 1225 3187 Sene
1246 3135 1349 3185 difficile
1364 3137 1431 3209 dictu
1447 3144 1497 3193 est,

369 3218 470 3268 Graecis
486 3217 587 3275 fabulis,
609 3219 656 3281 οὐχ
672 3217 757 3281 ὁρῶσι.
784 3216 834 3267 Sed
850 3231 909 3280 quo·
952 3216 1011 3279 quid
1035 3218 1109 3265 lueet
1125 3216 1254 3280 significet.
1287 3215 1400 3266 Conieci:
1427 3217 1497 3265 scut-

368 3300 441 3348 modo
462 3299 517 3362 quis
538 3299 659 3359 respicere
680 3304 771 3360 potest,
796 3299 862 3360 quod
885 3298 911 3345 in
952 3301 1006 3345 tum
1022 3314 1059 3348 rne
1067 3297 1158 3360 fatear
1175 3299 1246 3356 licet,
1268 3303 1293 3346 et
1314 3298 1442 3348 concedere
1457 3313 1496 3347 ve·

367 3387 438 3442 tergo
462 3380 568 3442 pendet?
600 3378 658 3426 Non
684 3376 757 3424 hebet
780 3377 862 3425 oeulos
884 3378 911 3425 in
951 3378 1001 3435 rie,
1019 3380 1103 3441 Atque
1119 3380 1196 3428 etiarn
1212 3380 1497 3437 mcunum3tcmcnhcc

368 3460 490 3523 occipitio.
515 3457 568 3507 Soli
589 3457 636 3504 hoc
659 3455 722 3504 Iano
747 3457 845 3514 dutum,
867 3458 910 3519 qui
950 3457 1499 3520 edissere,qucrneAcprctcrcputesanimi

368 3555 413 3610 sup
433 3546 505 3601 terga
520 3537 630 3594 videbat,
650 3544 675 3584 et
690 3535 711 3582 is
727 3536 827 3598 quidem
843 3536 910 3585 solus
949 3537 1018 3586 citio.
1051 3536 1124 3594 Esto,
1140 3543 1169 3584 ut
1184 3536 1253 3585 dicis.
1285 3537 1375 3585 Taceo.
1401 3534 1494 3596 Quem·

369 3620 399 3669 de
415 3619 519 3683 superis.
547 3618 623 3666 Recte
639 3616 771 3664 Lucretius
788 3616 836 3664 IV.
855 3618 909 3666 115.
950 3616 988 3664 ris
1005 3622 1089 3665 sutem
1106 3622 1213 3673 tceecm,
1239 3622 1263 3665 et
1282 3615 1359 3664 fsteer
1379 3629 1420 3664 me
1441 3629 1495 3664 esse

368 3706 443 3764 etque
459 3701 523 3748 clus
539 3699 586 3745 alii
601 3698 718 3744 irrident.
736 3698 790 3744 Nec
806 3711 855 3745 suc
873 3713 910 3745 re·
949 3695 1061 3754 stultum,
1077 3701 1101 3744 et
1118 3695 1183 3744 veris
1200 3696 1339 3754 concedere,
1357 3695 1407 3743 imo
1423 3695 1493 3743 etin-

368 3782 477 3843 spicr'unt
493 3780 579 3827 muci
595 3779 663 3824 mela
674 3777 794 3824 ntccimu.
811 3775 910 3840 Quippe
950 3788 1039 3822 senum
1056 3788 1120 3832 esse,
1142 3788 1201 3822 nem
1222 3776 1332 3823 stultum
1353 3774 1433 3822 dicere
1454 3788 1495 3837 pe-

369 3861 432 3923 terpe'
455 3873 506 3907 non
531 3863 568 3906 est
584 3856 716 3918 cogitatio,
740 3863 768 3903 ut
788 3871 868 3920 neque
884 3857 910 3906 in
950 3869 1006 3902 rum
1023 3855 1135 3913 videtur,
1155 3862 1239 3904 tamen
1259 3856 1305 3903 hoc
1327 3854 1388 3904 scire
1410 3855 1495 3917 cupio,

369 3940 396 3995 in
420 3937 570 3990 Horatiano:
601 3935 666 3983 Cum
695 3941 741 3982 tua
763 3937 911 3997 praecidens
951 3935 998 3983 hoc
1013 3950 1053 3983 me
1065 3937 1135 3994 doce,
1151 3950 1199 3999 quo
1214 3950 1254 3984 me
1271 3935 1347 3984 enimi
1358 3935 1419 3984 vitio
1429 3934 1496 3984 labo·

368 4022 445 4070 ceute
469 4019 535 4066 rncle
551 4017 635 4078 lippus
658 4017 777 4063 inunctis.
809 4015 911 4064 Persius
951 4030 1007 4064 rare
1023 4023 1101 4078 putes.

369 4113 467 4163 quoque
484 4095 547 4144 illud
566 4097 731 4157 incongruum
748 4095 849 4153 vitavit,
866 4094 910 4145 Se·
984 4096 1159 4158 Exspectasses
1176 4097 1266 4153 libeat,
1284 4094 1319 4141 ait
1329 4093 1494 4152 Dodcrlinus,

369 4179 409 4228 tir.
425 4178 476 4228 IV.
492 4176 533 4225 23.
561 4177 598 4222 Ut
622 4188 691 4222 nemo
706 4177 743 4222 dn
759 4189 811 4222 rese
828 4181 911 4224 tentat
952 4177 995 4224 sed
1012 4178 1086 4224 liceat
1101 4176 1142 4223 hic
1157 4175 1222 4222 idem
1238 4173 1368 4236 significet.
1402 4172 1495 4233 Quem·

370 4260 528 4314 descendere,
553 4256 641 4302 nemo!
675 4251 726 4302 Sed
751 4257 911 4315 praecedenti
953 4254 1123 4317 vis'ineptum
1140 4261 1164 4301 et
1180 4259 1252 4315 turpe
1268 4252 1346 4300 videri
1362 4251 1453 4313 possit,
1474 4250 1494 4296 si

369 4343 498 4401 spectetur
515 4335 626 4384 mantua
643 4337 718 4393 terpc.
742 4332 833 4381 Melius
850 4334 911 4382 mihi
952 4334 1007 4396 quis
1023 4347 1049 4382 se
1065 4334 1116 4396 ipse
1133 4338 1201 4381 vocet
1216 4331 1321 4379 stultum
1338 4336 1362 4378 et
1372 4330 1496 4388 insenum,

371 4419 507 4467 videretur:
526 4416 640 4464 Reiicerc
656 4417 740 4475 ipnctc
755 4416 834 4462 discet
852 4431 911 4478 pen-
952 4414 999 4462 hoc
1014 4419 1094 4461 temen
1112 4412 1174 4460 mihi
1191 4411 1301 4459 veritatis
1317 4424 1403 4459 ceusss
1416 4409 1495 4459 fecere

371 4500 458 4546 dantia
470 4505 544 4558 terpc,
568 4494 654 4542 Discet
670 4491 781 4550 reiicere,
793 4492 911 4554 ἀποβάλ-
952 4491 1036 4549 liceet,
1053 4499 1080 4540 ut
1096 4491 1164 4539 libet.

371 4575 433 4637 λειν,
450 4590 514 4639 quse
529 4575 638 4638 pendent
653 4572 770 4634 intergo,
784 4574 849 4635 quod
861 4573 912 4635 ipse
987 4571 1070 4635 Atque
1096 4573 1173 4620 etiam
1199 4571 1325 4618 insanum.
1366 4569 1497 4620 Fortasse:

372 4654 483 4718 ignoret,
499 4669 545 4702 uec
561 4656 628 4703 videt
644 4659 688 4701 sut
704 4652 785 4701 sentit.
956 4653 1254 4710 Addc,etiaminsanum.
1271 4649 1361 4698 Fateor
1368 4664 1428 4698 veru
1436 4664 1496 4706 esse,

406 4736 497 4793 Stoice,
511 4741 569 4797 pert
585 4736 704 4782 demum
717 4733 914 4782 riccendccom-
955 4747 1018 4796 quse
1034 4730 1126 4779 dixisti.
1160 4728 1257 4779 Stultus
1274 4743 1341 4788 sum,
1362 4728 1410 4778 imo
1431 4730 1494 4777 insu·

1316 4810 1362 4872 9*
