3750 5759
379 689 419 748 oe
771 673 1122 744 SATIliAllUM

422 869 528 935 Lucili
552 868 634 950 ritu,
660 873 809 932 nostrum
832 863 976 929 melioris
1000 867 1145 946 utroque.

421 973 483 1037 llle
507 972 597 1037 velut
619 971 695 1037 fidis
719 992 837 1036 arcuna
859 967 1027 1033 sodalibus
1051 965 1131 1030 olim

421 1076 579 1142 Credebot
602 1075 712 1158 libris,
738 1095 859 1159 neque,
884 1072 912 1137 si
936 1071 1023 1135 male
1046 1074 1202 1147 cesserat,
1227 1085 1385 1150 umquem

374 1281 455 1344 Epist.
472 1280 493 1330 I.
511 1294 580 1329 xvir.
600 1279 638 1328 li.
653 1279 703 1339 ,st
724 1277 842 1341 prodesse
858 1276 924 1338 tute⁸
964 1273 1034 1333 ricis,
1056 1287 1118 1337 quos
1135 1273 1169 1321 nit
1186 1271 1354 1323 Aristoxenus
1372 1273 1439 1322 libris
1453 1286 1497 1335 pro

372 1362 508 1423 positoque
519 1362 647 1422 boniportus
659 1361 742 1420 ipsum
764 1355 794 1403 Te
810 1359 925 1402 tructore
964 1352 1025 1415 priis
1043 1352 1095 1401 vioe
1112 1351 1247 1400 amisorum
1264 1365 1322 1401 usos
1346 1356 1424 1401 esse.“
1461 1352 1499 1400 Le·

374 1438 445 1496 votes,
454 1439 553 1487 oeceses
562 1440 642 1487 sicem
653 1437 687 1484 od
695 1439 806 1485 erotem.
825 1433 923 1481 Auctor
965 1433 1073 1494 gendum
1106 1431 1215 1480 videtur:
1248 1432 1320 1488 „Hoc
1346 1431 1454 1480 Lucilius
1476 1445 1501 1480 ex

375 1514 693 1569 Carm.II.xr.i7.uerdo
713 1512 923 1562 Potomusunoti·
965 1510 1060 1561 Gracco
1087 1511 1175 1571 trexit;
1215 1512 1374 1561 Anacreonte
1409 1519 1432 1561 et
1462 1510 1500 1560 Al·

409 1597 494 1646 Lucili
509 1599 577 1654 ritu,
596 1601 710 1645 nostrum
727 1592 838 1641 iustioris
854 1595 922 1638 utro·
963 1591 1138 1654 osolyricisr
1156 1591 1196 1640 Ite
1204 1590 1341 1655 loquuntur
1350 1591 1502 1649 Scholisstae,

374 1690 427 1737 que.
452 1674 650 1738 Interpretantnr
664 1671 775 1719 melioris
794 1669 923 1718 natalibus
964 1678 992 1719 ut
1013 1686 1037 1719 v.
1055 1685 1075 1719 c.
1093 1670 1234 1734 Porphyrio
1256 1671 1287 1719 ud
1305 1686 1343 1720 rs.
1361 1672 1402 1719 42.
1435 1671 1503 1730 „Trn-

373 1760 399 1802 et
415 1769 502 1812 ceusu,
519 1753 692 1817 sirrrpiictoris,
711 1752 766 1799 sim.
800 1749 924 1798 Universe
963 1757 1032 1799 otum
1049 1764 1082 1798 ex
1100 1748 1196 1799 Graeco
1213 1749 1273 1798 hoc:
1292 1751 1312 1798 ὦ
1330 1750 1491 1800 debiliori-05⁴

374 1834 455 1896 potins
476 1834 658 1897 recipiendum,
680 1838 708 1878 ut
729 1828 840 1879 Lucretii
859 1827 923 1875 iilud
997 1830 1084 1891 Neque
1100 1830 1122 1877 si
1139 1830 1204 1877 orale
1215 1836 1325 1891 posuerat
1338 1844 1445 1893 usquam
1461 1831 1503 1879 De·

373 1912 424 1961 III.
444 1913 515 1962 1038.
551 1913 662 1960 Lumine
678 1913 733 1959 suis
749 1911 828 1959 oculis
845 1910 923 1956 etiem
963 1920 1068 1956 currens
1086 1906 1247 1971 intimusque
1265 1910 1289 1958 si
1308 1911 1374 1959 berre.
1409 1909 1504 1969 Cerere,

373 1995 449 2042 bonos
468 1992 549 2041 Arcu'
562 1992 671 2052 reliquit.
699 1990 752 2048 Qui
763 1988 849 2036 rueiior
861 1989 922 2034 mrd-
962 1985 1085 2045 obsolute,
1103 2000 1147 2049 pro
1163 2002 1215 2036 rem
1232 2003 1316 2050 perere
1329 2002 1380 2037 non
1396 1991 1504 2039 estIoti·

374 2074 408 2121 tis
424 2089 501 2134 quoru
519 2069 627 2133 tussit,
639 2070 761 2132 improbe,
773 2069 854 2117 rebus.
871 2068 921 2116 Lu·
963 2080 1036 2125 num;
1053 2067 1075 2114 si
1091 2066 1203 2116 obsolute
1220 2068 1277 2130 poni
1294 2068 1407 2128 videtur,
1424 2084 1505 2118 reses

372 2152 457 2209 cilius,
475 2151 555 2214 inquit
570 2150 703 2205 Horatius,
720 2148 748 2197 in
760 2147 859 2205 multis,
870 2162 921 2196 om·
962 2147 1160 2195 antecedentibus
1183 2147 1253 2196 facile
1271 2149 1406 2212 cogitando
1425 2151 1505 2213 repeti·

373 2231 445 2279 nibus
472 2230 561 2289 rebus,
591 2229 636 2278 tibi
663 2235 688 2278 et
715 2228 778 2276 mihi
805 2233 920 2290 praestet.
962 2231 1010 2274 tur.
1044 2225 1094 2288 Qui
1106 2227 1257 2276 contrarium
1274 2227 1505 2288 defendebsnuuu·

373 2308 457 2371 Quare
482 2325 532 2359 non
557 2316 607 2368 est,
633 2323 678 2357 eur
702 2323 749 2371 ego
774 2307 847 2355 illum
870 2321 920 2354 non
963 2304 1052 2354 bantur
1072 2305 1127 2355 loco
1148 2307 1274 2357 Ciceronis
1296 2308 1327 2356 de
1347 2308 1403 2357 Fin.
1420 2310 1454 2358 V.
1471 2311 1504 2359 le.

372 2390 467 2448 imiter,
484 2395 574 2437 noctu
590 2403 630 2436 me
647 2387 679 2436 ab
695 2387 737 2436 illo
748 2386 919 2435 imitondode-
964 2386 1048 2443 Ques,
1069 2389 1136 2448 qood
1156 2389 1266 2436 homines
1286 2387 1376 2450 infimo
1386 2387 1505 2451 sertorio,

372 2469 514 2517 terrendum
537 2475 616 2531 putes.
649 2466 808 2514 Praestantia
828 2465 920 2513 Lucilii
961 2465 1033 2512 uultu
1049 2478 1092 2526 spe
1108 2481 1193 2515 rerum
1211 2468 1392 2528 permutarem,
1414 2469 1506 2533 opifices

371 2563 432 2597 mox
448 2549 521 2597 etism
539 2548 565 2596 in
582 2562 611 2596 eo
627 2547 777 2602 ostenditur,
793 2546 859 2609 quod
876 2561 909 2594 an
961 2544 1077 2606 denique,
1099 2547 1253 2594 delectentur·
1275 2545 1403 2595 historia?
1428 2548 1504 2596 maai·

372 2635 457 2676 notare
482 2627 586 2686 solebnt,
613 2627 732 2691 quidquid
757 2625 830 2683 bene,
847 2624 918 2687 quid·
961 2637 1046 2684 uroque
1068 2639 1108 2672 eos
1128 2626 1211 2674 uidere
1225 2639 1357 2686 parentes
1372 2639 1413 2674 res
1428 2631 1505 2688 pestes

371 2707 430 2770 qnid
454 2706 520 2755 male
545 2706 648 2755 fecisset.
686 2705 845 2768 Comparatio
870 2704 919 2752 isto
960 2703 1050 2751 audire
1066 2706 1505 2768 etiopereeetIe‚quiaepepereudi

371 2785 463 2849 aliquid
487 2786 641 2848 proverbiale
665 2785 745 2833 hebet.
778 2784 845 2832 Nota
860 2790 918 2831 suut
960 2784 1051 2832 obsunt
1074 2787 1181 2848 consecti
1204 2788 1345 2835 senectute?
1378 2784 1418 2834 lbi
1437 2799 1504 2835 rese

370 2865 474 2914 Homeri
483 2866 607 2929 χερείονα,
613 2861 917 2930 ἀμείνοναιιαταπέφνων.
958 2871 1079 2913 commate
1090 2866 1262 2927 praecedente,
1279 2873 1308 2914 ut
1318 2864 1369 2914 iam
1380 2866 1503 2915 Bentleius

370 2946 454 2994 Plsut.
478 2944 551 3008 Epid.
568 2946 619 2995 111.
641 2959 679 2994 rr.
699 2944 736 2993 10.
772 2944 918 2993 strenuiori
958 2943 1148 3002 animadvertit,
1178 2943 1381 3008 subintelligitur.
1424 2948 1503 3011 Atque

370 3026 480 3074 deterior
496 3027 521 3073 si
535 3026 670 3087 praedicet
686 3038 747 3073 sues
761 3038 872 3085 puppas,
887 3025 918 3072 de
958 3022 1016 3072 hine
1033 3023 1136 3073 sortasse
1152 3024 1299 3087 explicando
1314 3032 1375 3073 sunt
1390 3025 1436 3073 illa
1451 3025 1501 3079 Sel·

370 3106 442 3152 iliius
458 3104 582 3165 orefiurrt
598 3104 722 3152 sordidus.
746 3101 804 3150 Liv.
814 3100 916 3151 XXVI.
958 3102 1027 3152 lustii
1044 3102 1162 3166 Iugurth.
1179 3103 1220 3152 85.
1249 3105 1285 3150 At
1302 3119 1346 3166 epo
1361 3106 1426 3162 seio,
1446 3106 1503 3164 Qus-

372 3183 411 3233 lo.
443 3185 480 3232 Ut
495 3185 603 3246 oloriferi
616 3184 709 3244 possis,
732 3183 811 3230 multo
824 3183 917 3245 fortio·
958 3185 1034 3240 retes,
1063 3185 1120 3246 qui,
1144 3191 1280 3246 postquem
1305 3187 1419 3234 consules
1437 3185 1503 3249 fusti

369 3279 434 3321 reor,
452 3278 529 3325 quoru
551 3264 605 3325 ipse
621 3277 659 3320 es,
677 3263 761 3310 virum
776 3264 821 3310 abs
838 3267 864 3311 te
879 3277 916 3311 oc·
958 3270 1031 3321 sunt,
1058 3269 1118 3313 oeta
1146 3265 1270 3312 maurum
1297 3269 1323 3312 et
1353 3264 1504 3314 Graecorum

369 3342 450 3390 εἱιιιιιι
468 3357 526 3392 esse.
959 3344 1083 3392 ruititorirs
1104 3349 1241 3407 praecepto
1266 3345 1344 3406 tepere
1363 3345 1501 3406 coeperim:

403 3423 454 3470 Ille
467 3425 536 3471 reiut
541 3423 608 3486 fidis
619 3437 716 3471 arcano
725 3423 851 3471 sodalibus
859 3423 918 3472 olim
958 3423 1067 3473 bonsiues
1072 3425 1237 3486 praeposteri.
1251 3426 1321 3472 Num
1331 3439 1424 3486 onere,
1432 3438 1503 3486 quaro

371 3500 495 3550 Credebot
511 3504 591 3551 libris.
626 3502 694 3564 Quid
709 3502 768 3550 otim
785 3499 825 3548 hic
840 3499 917 3562 signi·
950 3502 1014 3565 fieri
1029 3505 1168 3566 posterius,
1185 3520 1213 3553 re
1229 3509 1306 3568 atque
1319 3506 1502 3568 usuprs'nsest.

368 3579 432 3637 ficet,
449 3581 511 3629 mihi
524 3595 574 3628 non
586 3589 696 3644 apparet.
728 3580 794 3628 Tem
810 3580 916 3628 otiosum
958 3580 1059 3632 Cottius
1081 3597 1113 3632 ex
1132 3586 1243 3634 ementes
1252 3584 1325 3648 faeti
1344 3586 1434 3649 repetit
1452 3600 1502 3635 eou-

368 3659 472 3716 videtur,
488 3667 515 3706 ιιι
527 3661 609 3708 versui
620 3667 718 3708 tuntum
733 3658 857 3721 explendo
872 3675 914 3723 sp·
957 3665 1081 3723 soletum,
1095 3665 1159 3727 fieri
1180 3667 1306 3715 eonsules:
1330 3680 1379 3730 ego
1400 3681 1432 3716 ex
1449 3672 1503 3716 acto

367 3739 473 3800 positum
490 3739 569 3795 dieas,
586 3747 611 3787 et
628 3739 712 3787 obesse
728 3739 809 3802 potins
823 3738 916 3788 malles.
958 3745 1081 3792 motuum
1098 3751 1182 3806 repeto
1198 3750 1266 3804 oeta,
1283 3761 1323 3795 res
1337 3752 1429 3808 pestus.
1451 3745 1503 3803 Illi,

367 3815 533 3864 Horetiennm
551 3824 614 3865 erat:
632 3819 698 3877 Ille,
714 3820 782 3866 reiut
791 3818 857 3880 fidis
873 3821 917 3881 qui
958 3821 993 3869 ait
1009 3822 1118 3883 Marius,
1135 3826 1298 3888 praeposteri,
1318 3825 1413 3876 fuciunt
1429 3835 1494 3890 poste

367 3911 464 3944 erroro
479 3897 605 3945 sodalibus
620 3898 688 3953 otim,
702 3897 825 3947 Credebot
835 3900 915 3948 libris.
957 3901 1008 3949 rius
1025 3902 1063 3961 id,
1084 3904 1150 3966 quod
1172 3919 1198 3953 re
1219 3910 1293 3969 atque
1313 3921 1361 3955 usu
1378 3909 1447 3970 prius
1463 3914 1503 3956 est.

367 3973 440 4035 Quod
466 3989 538 4037 saepe
563 3975 652 4039 uliquis
678 3976 750 4035 facit,
775 3984 804 4026 ut
826 3992 916 4027 areuna
957 3981 1042 4030 Antea
1066 3982 1187 4033 Consules
1211 3994 1339 4046 creentur,
1361 4004 1438 4051 quom
1463 3987 1502 4036 eii·

366 4053 422 4102 fidis
438 4054 564 4103 sodalibus
579 4057 676 4114 credat,
693 4056 739 4105 hoe
748 4056 861 4106 Lucilius
877 4059 914 4107 fs·
956 4061 1016 4123 quid
1033 4063 1143 4125 egerint,
1160 4078 1209 4127 qno
1228 4067 1390 4117 ostenderunt
1409 4083 1435 4118 se
1451 4082 1502 4117 con-

366 4134 445 4183 cicbat
461 4135 541 4195 libris,
555 4144 583 4185 ιιι
597 4137 914 4201 iissnoeroonoerederet,
956 4140 1066 4190 snorum
1083 4144 1179 4192 mereri.
1213 4144 1270 4193 Nisi
1291 4146 1342 4195 tale
1362 4147 1457 4211 aliquid
1474 4163 1502 4198 ex

366 4214 448 4279 ibique
470 4216 610 4278 deponeret.
640 4217 776 4282 Utriusque
797 4219 914 4284 loquendi
955 4221 1075 4270 sententia
1091 4223 1146 4271 elici
1162 4225 1253 4286 possit,
1273 4242 1357 4288 perere
1378 4235 1416 4277 est
1435 4229 1503 4278 vitio

365 4294 487 4344 formulae
503 4296 645 4359 exemplum
662 4299 743 4347 estin
760 4298 834 4350 Satir.
853 4301 875 4350 1.
896 4316 913 4351 1.
955 4313 1023 4358 sum,
1048 4309 1073 4349 et
1093 4302 1125 4350 eb
1145 4303 1244 4366 optimis
1261 4304 1436 4369 interpretibus
1453 4323 1503 4356 eor·

365 4376 399 4425 23
413 4392 449 4440 sq.
478 4379 519 4426 Ns
530 4379 567 4427 sio
575 4393 736 4440 percurram,
747 4386 778 4428 et
788 4382 832 4443 qui
848 4382 913 4432 iseo
954 4387 1061 4439 rectum,
1080 4388 1107 4429 ut
1124 4381 1149 4429 in
1166 4383 1224 4432 Liv.
1241 4384 1329 4434 XXV.
1346 4387 1387 4436 22.
1405 4395 1429 4436 et
1447 4389 1503 4437 XL.

365 4458 446 4504 lena:
463 4464 500 4516 et,
516 4463 547 4506 ret
556 4459 642 4520 pueris
653 4459 712 4508 olim
723 4461 787 4508 dont
797 4463 914 4510 crustulo
954 4460 993 4512 57.
1015 4462 1058 4510 ubi
1072 4462 1201 4526 legebatur
1216 4480 1334 4529 prospere
1350 4475 1466 4530 perorm
1481 4477 1504 4517 et

364 4538 452 4584 blondi
467 4538 585 4586 doctores.
954 4555 1072 4603 prospere
1087 4546 1233 4605 persbseut,
1253 4545 1346 4594 inserto
1362 4563 1428 4607 rem,
1446 4557 1474 4598 ut
1489 4565 1504 4596 a

397 4616 465 4664 Acro
486 4617 628 4665 annotavit:
651 4617 722 4677 „Hoc
746 4620 860 4669 Lucilius
880 4634 913 4669 ex
954 4622 1109 4681 prsecodenti
1119 4624 1219 4687 syllobo
1229 4625 1399 4689 interceptum.
1417 4629 1503 4678 Ruhn-

365 4696 520 4746 Ausereonto
532 4695 714 4746 Graecotrsxit
729 4706 753 4747 ct
769 4699 911 4764 Alcseoly·
954 4700 1009 4749 ken.
1029 4703 1059 4750 ad
1081 4703 1149 4753 Veli.
1173 4705 1269 4754 Petere.
1292 4705 1325 4754 Il.
1347 4708 1400 4756 tor.
1427 4711 1503 4759 utitur
