3750 5759
804 666 988 731 LIBER
1033 668 1076 732 ΙΙ.

421 854 533 920 Veloci
556 876 703 940 percurre
727 857 828 922 oculo.
877 858 1073 944 Plerumque
1098 862 1243 923 recoctus

422 957 534 1025 Scriba
556 982 596 1026 ex
619 961 833 1047 quinqueviro
856 985 989 1028 corvum
1012 964 1145 1029 deludet
1167 963 1334 1045 hiantem,
1356 959 1358 968 ’

422 1063 640 1151 Captatorque
664 1065 758 1131 dabit
779 1066 864 1132 risus
886 1068 1008 1135 Nasica
1031 1067 1192 1135 (lorano.“

420 1167 533 1251 „Num
555 1168 654 1251 finis,
678 1192 720 1234 an
742 1171 885 1255 prudens
908 1171 996 1238 ludis
1018 1195 1071 1238 me
1094 1172 1230 1238 obscura
1252 1167 1438 1235 canendo?“

420 1270 472 1353 „O
496 1269 684 1357 Laertiade,
709 1275 868 1361 quidquid
891 1276 1015 1362 dicam,
1039 1282 1098 1342 aut
1120 1276 1182 1343 erit
1204 1279 1262 1341 aut
1284 1295 1371 1339 non:

419 1375 575 1443 Divinare
598 1379 720 1444 etenim
743 1401 883 1466 magnus
906 1381 991 1446 mibi
1014 1380 1115 1447 donat
1138 1380 1292 1467 Apollo“

418 1477 529 1560 „Quid
552 1486 663 1547 tamen
684 1482 750 1548 ista
772 1483 854 1549 velit
876 1483 940 1549 sibi
963 1484 1091 1568 sabula,
1116 1484 1259 1566 silicet,
1283 1481 1375 1547 ede.“

418 1583 595 1669 „Tempore
602 1633 611 1668 ‚
636 1608 699 1672 quo
723 1587 849 1652 iuvenis
874 1587 1005 1654 Parthis
1027 1589 1225 1670 horrendus,
1249 1587 1290 1652 ab
1313 1585 1381 1650 alto

418 1686 607 1753 Demissum
629 1711 734 1776 genus
757 1691 887 1775 Aenea,
911 1691 1028 1758 tellure
1049 1692 1196 1778 marique

417 1791 559 1877 Magnus
583 1793 661 1877 erit,
685 1794 763 1860 forti
786 1796 889 1861 nubet
910 1818 1043 1881 procera
1066 1797 1193 1863 Corano

415 1895 503 1960 Filia
525 1897 681 1981 Nasicae,
704 1899 882 1964 metuentis
905 1900 1038 1965 reddere
1061 1901 1200 1966 soldum.

414 1998 496 2063 Turn
518 2022 618 2086 gener
640 2002 701 2067 hoc
723 2002 840 2068 faciet:
864 2003 994 2069 tabulas
1018 2025 1127 2070 socero
1150 2003 1242 2069 dabit
1265 2009 1380 2087 atque,

414 2102 463 2168 Ut
484 2104 593 2190 legat,
618 2107 731 2172 orabit
779 2107 925 2173 Multum
948 2108 1068 2174 Nasica
1091 2113 1226 2194 negatas

414 2206 564 2293 Accipiet
587 2211 735 2295 tandem,
759 2215 793 2277 et
815 2211 936 2277 tacitus
960 2212 1062 2298 leget,
1087 2213 1295 2299 invenietque

415 2311 472 2374 Nil
496 2313 560 2377 sibi
582 2314 747 2400 legatum,
771 2318 899 2400 praeter
920 2315 1063 2401 plorare,
1089 2316 1229 2402 suisque.

414 2414 504 2479 lllud
527 2417 670 2485 adhaec
692 2419 806 2484 iubeo:
830 2418 949 2484 mulier
972 2418 1001 2485 si
1024 2419 1108 2484 forte
1131 2419 1244 2486 dolosa

415 2518 607 2587 Libertusve
630 2544 741 2587 senem
757 2521 898 2588 delirum
921 2525 1100 2609 temperet,
1122 2523 1191 2589 illis

412 2622 557 2690 Accedes
581 2625 706 2704 socius,
730 2626 861 2709 laudes,
886 2626 1028 2691 lauderis
1052 2632 1092 2692 ut
1112 2628 1238 2693 absens.

413 2726 560 2793 Adiuvat
581 2729 642 2794 hoc
666 2750 809 2814 quoque,
834 2728 892 2795 sed
914 2729 1019 2795 vincit
1041 2729 1139 2816 longe
1161 2730 1252 2816 prius
1274 2730 1385 2817 ipsum

403 2864 513 2913 Cacum
529 2866 628 2914 deludet
639 2867 759 2914 hiantem.
792 2865 825 2914 In
838 2865 913 2916 Scho-
954 2881 1007 2916 ron.
1024 2868 1055 2915 de
1070 2867 1134 2916 Fato
1150 2868 1199 2916 VI.
1232 2868 1307 2916 Adde
1322 2868 1461 2918 Lucienum
1478 2871 1504 2919 iu

366 2942 401 2992 lio
418 2943 525 2992 Acronis
542 2951 567 2993 et
587 2945 647 2994 haec
667 2945 797 3008 leguntur:
820 2946 915 3005 „Recte
956 2946 1079 3010 Philopat.
1099 2948 1136 2996 15.
1158 2953 1183 2995 et
1198 2947 1236 2997 16.
1253 2947 1296 3010 qui
1313 2948 1502 3011 disputationem

367 3021 432 3070 dixit
453 3037 555 3072 corvum
572 3024 631 3088 quia
645 3025 766 3074 morsibus
782 3026 928 3089 pascitur.“'
955 3027 991 3075 ita
1014 3027 1151 3076 concludit:
1176 3029 1251 3077 τοῦτο
1276 3026 1346 3094 qud
1378 3029 1504 3088 πολλάκις

368 3102 482 3167 Paulyus
504 3107 626 3154 croccibat
647 3120 704 3153 cum
724 3106 797 3169 signo
813 3107 915 3155 interro·
957 3105 1208 3173 προύμαντευσάμην.
1218 3107 1263 3156 ἐὰν
1271 3107 1368 3172 κτάνῃς
1377 3108 1424 3158 τὸν
1434 3089 1499 3169 arbi]-

369 3183 474 3244 gationis
492 3184 576 3241 edidit,
593 3185 717 3243 dubitans,
734 3187 815 3244 credo,
832 3202 865 3234 an
881 3188 916 3235 ita
956 3187 1029 3245 clov,
1053 3187 1227 3252 θανατωὲήσῃ
1257 3189 1331 3252 παρὰ
1348 3189 1395 3246 τῆς
1423 3185 1502 3248 δίκης.

369 3262 400 3312 ab
416 3263 517 3313 Acrone
528 3265 646 3328 scriptum
658 3265 696 3313 sit.
723 3264 915 3329 Scripsitputo:
957 3265 978 3315 εἰ
994 3264 1020 3315 δέ
1037 3266 1115 3331 γεμὴ
1131 3267 1207 3314 τοῦτο
1229 3264 1338 3331 πράξῃς,
1361 3265 1444 3330 βιώσῃ
1455 3284 1504 3316 κα-

369 3347 476 3394 mertuis
501 3348 626 3407 pascitur.
660 3344 778 3393 Fortasse
803 3345 916 3408 Paulyus
956 3344 1017 3403 λῶς.
1050 3343 1199 3394 Coniectura
1218 3344 1364 3393 Eichstadii:
1387 3359 1401 3392 n
1424 3346 1505 3394 Laer-

370 3422 431 3472 haec
446 3432 471 3473 et
487 3425 537 3473 alia
553 3424 694 3473 emendavit
710 3423 737 3472 in
757 3426 916 3484 Quaestioni-
957 3425 1038 3482 ttade,
1062 3424 1183 3485 quidquid
1199 3424 1294 3481 dnum,
1310 3428 1358 3470 ant
1373 3425 1440 3480 erit,
1457 3431 1504 3472 ant

370 3505 415 3552 bus
434 3505 540 3554 Critias
555 3507 585 3553 de
602 3506 711 3554 screnis
725 3504 916 3566 etPorpbyrio·
957 3519 1006 3552 non
1033 3505 1158 3551 Divinare
1181 3503 1244 3549 anibi
1271 3515 1376 3563 mannas
1400 3502 1505 3550 maduit

369 3585 410 3632 nis
432 3583 627 3632 Commentariis
649 3583 820 3642 Horatianis5
842 3597 916 3647 quern
959 3579 1502 3645 Apollo,estquidemingeniosa‚sed,pnto,

369 3661 480 3711 libellum
496 3678 547 3711 non
564 3663 622 3712 vidi.
655 3662 764 3711 Pulchre
785 3660 916 3710 Commen-
956 3661 1038 3710 minus
1055 3668 1152 3710 acutam
1164 3661 1311 3710 sententiam
1322 3660 1407 3718 habet,
1424 3676 1501 3724 qnam

370 3749 446 3790 tator:
467 3743 588 3802 ‚,Nasica,
612 3749 637 3790 et
657 3741 799 3805 quicunque
820 3741 916 3789 inhiant
957 3741 1079 3804 scriptura
1094 3740 1205 3805 vulgata.

358 3823 445 3870 morti
462 3823 571 3879 alienae,
587 3822 678 3870 amissa
694 3823 785 3884 praeda
795 3822 863 3868 corvi
875 3837 916 3870 ve
990 3820 1142 3871 Doderlinus
1167 3821 1355 3882 iuterpretatur:
1384 3821 1503 3885 quidquid

370 3910 458 3950 cantur
474 3902 565 3962 delusi;
582 3917 634 3950 non
646 3902 728 3950 minus
740 3900 807 3949 euim
819 3900 916 3949 senibus
957 3902 1038 3950 dicam
1054 3901 1106 3950 fore
1123 3909 1166 3950 aut
1182 3915 1233 3949 nou
1249 3899 1314 3958 fore,
1336 3900 1389 3949 erit.
1423 3903 1504 3951 Hora·

370 3979 467 4030 inhiant
482 3982 514 4030 ob
530 3982 642 4039 divitias,
658 3996 733 4046 quem
743 3983 812 4030 corvi
823 3990 916 4030 sectan-
940 3981 1019 4043 ptius,
1035 3989 1103 4045 puto,
1114 3981 1231 4030 'Tiresiae
1247 3995 1378 4044 personam
1394 3981 1429 4028 ita
1445 3981 1504 4029 ridi-

370 4070 412 4108 tnr
426 4061 571 4111 cadavera.“
958 4063 1040 4111 culam
1060 4061 1147 4119 finxit,
1165 4068 1204 4120 ut,
1227 4075 1276 4123 quo
1296 4061 1356 4124 quid
1378 4060 1505 4109 scurrilius

407 4142 538 4204 Quidquid
553 4144 648 4200 dicam,
670 4148 716 4190 ant
732 4144 783 4190 erit
798 4149 846 4191 aut
861 4158 916 4200 non,
957 4142 1050 4191 dictum
1074 4142 1119 4199 sit,
1149 4155 1178 4188 eo
1202 4141 1283 4202 magis
1315 4155 1348 4188 ex
1372 4154 1414 4188 ore
1438 4140 1505 4189 illius

371 4223 448 4272 Recte
463 4222 514 4269 iam
531 4219 728 4270 commentator:
746 4212 818 4279 „Ant
829 4235 917 4269 verum
957 4222 1045 4271 exiisse
1061 4221 1182 4270 videatur.

371 4302 464 4358 dicam,
486 4308 529 4350 aut
549 4302 662 4350 mentiar.
694 4301 794 4350 Iocatur
814 4301 841 4348 in
865 4316 917 4348 am·
995 4303 1081 4349 Vincit
1103 4301 1172 4363 inape
1199 4301 1273 4360 prius
1304 4301 1388 4360 ipsam
1414 4299 1504 4359 Expu-

371 4380 448 4445 bigua
464 4396 581 4444 responsa
597 4388 697 4443 vatum,
714 4381 817 4429 irridens
838 4381 917 4444 Apol·
957 4397 1034 4444 qnare
1050 4386 1136 4442 capnt.
1160 4379 1279 4437 Horatius
1290 4379 1351 4426 lusit
1360 4379 1386 4426 in
1395 4377 1505 4439 imagine

371 4457 446 4509 linem
464 4460 568 4511 Satirico
583 4465 676 4510 more.“
709 4460 750 4509 Ita
765 4475 862 4523 quoque
878 4475 917 4508 ac·
957 4459 1026 4508 urbis
1042 4460 1234 4522 oppugnandae,
1251 4472 1314 4522 quae
1335 4465 1406 4506 caute
1437 4457 1505 4504 adita

372 4547 470 4602 ceperat
486 4540 636 4596 Lambinus,
654 4547 678 4588 et
695 4539 821 4602 eleganter
837 4541 916 4604 expli·
958 4545 1124 4601 expugnatur.
1164 4536 1290 4586 Lucianus
1316 4538 1347 4584 de
1372 4536 1505 4586 Calumnia

373 4619 438 4667 cavit
455 4620 591 4669 Bentleius.
623 4620 831 4684 Wyttenbachius
852 4636 917 4670 com-
960 4618 998 4668 19.
1025 4619 1129 4666 eandem
1146 4616 1279 4680 imaginem
1306 4616 1389 4680 pinxit
1417 4617 1448 4665 de
1465 4631 1504 4665 ca·

373 4700 470 4761 paravit
485 4714 541 4748 cnm
559 4708 616 4749 vate
632 4700 760 4748 dialectieo
770 4702 837 4763 apud
848 4700 917 4750 Cice-
959 4698 1108 4749 lumniatore
1132 4705 1226 4747 astuto:
1260 4697 1376 4762 καθάπερ
1406 4698 1454 4762 γὰρ
1481 4697 1508 4746 ἐν

1335 4780 1386 4842 10.
