3750 5759
370 688 431 750 154

757 687 1104 754 SATIRARUM

412 873 548 938 Luserat
572 873 606 938 in
629 896 762 960 campo:
788 875 976 957 „Fortunae
998 874 1130 940 filicem
1154 897 1276 941 omnes.

412 978 566 1064 Frigidus
586 1002 606 1044 a
629 979 757 1045 Rostris
782 985 897 1044 manat
918 1001 976 1064 per
997 979 1142 1064 compita
1164 1001 1292 1063 rumor,

412 1084 614 1170 Quicumque
637 1085 750 1150 obvius
774 1091 843 1168 est,
867 1106 920 1150 me
942 1085 1101 1151 consulit:
1133 1084 1201 1169 1,,Ο
1225 1087 1327 1168 bone,
1349 1107 1429 1150 nam
1449 1091 1482 1150 te

412 1187 517 1270 Scire,
540 1189 616 1253 deos
636 1188 791 1274 quoniam
814 1189 949 1275 propius
971 1189 1154 1274 contingis,
1179 1195 1321 1275 oportet,

409 1292 499 1357 Num
522 1290 600 1376 quid
623 1291 663 1357 de
687 1292 784 1358 Dacis
807 1291 973 1357 audisti?“
1019 1291 1099 1375 „Nil
1123 1293 1316 1379 equidem.“
1363 1293 1438 1377 „Ut
1463 1299 1501 1356 tu

366 1452 462 1494 noster:
480 1458 531 1493 uon
548 1445 675 1492 assentior.
692 1443 789 1504 Quare,
805 1449 906 1490 annota-

366 1525 432 1575 tione
442 1524 511 1573 illim
521 1525 663 1588 praemissa,
673 1538 803 1585 exponam.
828 1526 907 1582 „Nos-

367 1613 406 1654 ter
422 1606 454 1653 ad
461 1607 597 1654 subiectior
613 1604 782 1663 referendum
799 1602 907 1666 alioquin

367 1685 511 1748 ambiguum
532 1684 594 1733 foret
615 1690 700 1731 utrum
720 1698 758 1742 se,
779 1696 823 1740 an,
843 1683 908 1746 quod

366 1766 477 1828 ineptum
489 1771 533 1824 est,
546 1766 715 1813 Maecenatem
727 1764 792 1812 dicat
802 1763 908 1811 invidiae

366 1846 509 1895 obnoxium.
526 1847 663 1908 Eleganter
671 1852 754 1893 autem
762 1851 845 1893 noster
852 1858 908 1892 cum

367 1926 442 1974 verbo
463 1926 549 1974 tertiae
570 1939 688 1988 personae
711 1925 811 1987 perinde
827 1933 864 1972 est
880 1938 910 1971 ac

365 2022 415 2069 eqo.
447 2005 511 2068 Ego,
528 2004 619 2068 inquit,
636 2019 681 2066 pcr
697 2011 777 2052 totum
789 2006 836 2052 hoe
847 2011 908 2051 tem·

366 2099 413 2147 pus
434 2084 565 2132 subiectior
586 2097 641 2130 sum
662 2083 781 2131 invidiae:
798 2083 820 2132 si
837 2084 908 2131 ludos

366 2179 490 2213 unacum
507 2165 651 2212 Maecenate
667 2171 822 2225 spectavere,
845 2164 866 2210 si
882 2164 907 2210 in

367 2244 462 2306 Campo
484 2242 577 2292 Martio
598 2257 649 2290 una
669 2243 763 2301 insero,
780 2257 863 2291 omnes
879 2241 908 2290 il·

366 2325 427 2380 lico,
444 2323 488 2388 qui
504 2324 613 2380 adstant,
634 2325 760 2371 Fortunae
769 2323 856 2384 filius,
872 2336 908 2370 se·

366 2419 423 2452 cum
440 2404 510 2451 aiunt
525 2402 601 2452 taciti.
618 2394 723 2451 Plautus
731 2403 847 2452 Rudente
860 2402 908 2451 IV.

367 2499 415 2533 vn.
435 2483 473 2533 19.
498 2484 584 2544 Epona
599 2490 630 2531 ut
651 2485 716 2545 quad
731 2485 766 2530 ad
785 2499 823 2531 me
839 2484 909 2530 adla-

368 2571 424 2613 tum
439 2579 489 2613 esse
505 2566 616 2612 alienum
632 2565 723 2620 satam,
751 2561 854 2611 Celem?
864 2563 909 2609 mi-

367 2643 434 2692 nime
457 2645 524 2693 istac
542 2644 627 2704 saciet
654 2649 739 2691 noster
766 2645 910 2691 Daemones.

368 2723 408 2773 At
423 2721 457 2771 ibi
473 2722 613 2771 Daemones
630 2721 682 2784 ipse
698 2721 815 2785 loquitur,
831 2728 860 2770 ut
870 2721 910 2769 hic

367 2802 420 2866 ipse
436 2802 565 2851 Horatius:
591 2816 651 2865 ergo
674 2809 759 2851 noster
774 2802 857 2865 saciet
874 2809 911 2849 est

367 2883 433 2931 idem
456 2882 529 2945 plane
545 2882 612 2945 qnod
637 2897 678 2944 epa
697 2883 806 2943 sactum.
839 2881 910 2928 Idem

368 2961 473 3024 Epidico
490 2963 513 3011 I.
524 2977 552 3010 11.
564 2962 604 3010 44.
631 2962 719 3011 Facile
735 2967 764 3009 tu
774 2964 848 3018 istuc,
859 2962 913 3008 sine

367 3043 462 3104 pertale
477 3047 502 3089 et
519 3057 590 3097 aura,
602 3040 766 3096 cardelibero,
777 3041 911 3087 Fabulare:

370 3121 428 3168 nani
443 3135 485 3182 eqo
501 3126 611 3167 nostras:
635 3119 697 3166 mibi
713 3120 787 3175 dolet,
804 3133 859 3165 cum
871 3134 913 3180 epa

369 3201 469 3262 vapulo.
502 3198 553 3247 Ubi
569 3204 666 3247 nostros
682 3204 754 3253 recte,
770 3197 865 3259 opinor,
875 3195 912 3243 in-

287 3325 301 3338 ,
369 3286 537 3343 terpretantnr
553 3293 611 3328 nos:
628 3278 676 3325 nisi
689 3277 771 3341 potius
782 3278 913 3325 emendan-

370 3361 430 3408 dum
455 3360 487 3408 sit
502 3366 628 3416 nastrum,
653 3358 678 3406 id
695 3364 743 3417 est,
769 3373 820 3406 me:
843 3363 870 3404 ut
887 3357 914 3403 in

370 3440 445 3488 simili
468 3440 520 3488 fere
540 3438 649 3502 periculo
666 3438 779 3501 Antipho
796 3437 831 3485 ait
848 3437 913 3499 apud

371 3519 517 3569 Terentium
534 3517 628 3566 Phorm
650 3518 726 3567 I.1v.
752 3518 857 3579 Epomet
877 3532 915 3564 me

370 3601 429 3648 neat
445 3604 470 3647 et
485 3604 617 3660 peccatum
633 3598 738 3645 meum.“
754 3595 824 3644 Haec
840 3595 915 3643 Bent-

370 3678 442 3727 leius.
458 3677 517 3725 Non
533 3676 660 3734 assentior,
671 3676 782 3738 inquam.
808 3673 837 3722 st
848 3674 914 3722 enim

371 3765 456 3808 noster
472 3759 506 3806 sic
528 3772 584 3805 cum
601 3759 734 3804 subiectior
750 3754 915 3816 coniungitur,

372 3840 450 3887 oratio
466 3838 495 3886 fit
509 3838 663 3893 invidorum,
682 3835 827 3882 dicentium:
848 3835 915 3894 „Ho-

372 3916 452 3964 ratius
467 3915 514 3963 fuit
528 3912 658 3963 subiectior
670 3914 803 3964 invidiae.“
819 3915 860 3964 Ita
879 3916 915 3963 in·

373 3995 425 4042 ridi
441 4002 532 4043 sortem
547 3995 644 4044 Horatii
655 3995 784 4058 indignam
798 3996 917 4056 dolerent,

373 4073 511 4136 quamipse
528 4073 611 4122 dolere
627 4073 706 4132 debet,
724 4082 825 4125 streete
842 4077 917 4136 dolet,

373 4153 395 4202 si
410 4152 516 4218 legimus
540 4155 632 4202 Noster
656 4156 728 4203 ludas
747 4162 918 4217 spectaverat.

373 4235 416 4282 Ex
432 4249 492 4298 quo,
501 4234 549 4293 ait,
563 4235 694 4284 Maecenas
704 4250 744 4284 me
757 4237 880 4285 interdum
892 4237 918 4284 in

373 4313 477 4362 rhedam
498 4314 576 4372 tollit,
597 4315 658 4362 mihi
682 4331 763 4378 nugas
784 4319 917 4375 concredit,

374 4409 421 4457 ego
438 4395 518 4458 magis
534 4395 664 4459 magisque
680 4396 811 4445 subiectior
822 4397 871 4461 fut
882 4398 917 4445 in-

374 4473 463 4522 vidiae.
497 4476 552 4523 Iam
574 4484 710 4539 sequuntur
731 4477 807 4526 verba
823 4478 918 4526 invido·

374 4567 442 4601 rum:
468 4557 566 4604 Nartem
585 4558 655 4605 ladas
677 4563 836 4619 spectaverat
858 4573 918 4606 una.

374 4630 406 4678 In
422 4632 462 4680 his
483 4640 566 4684 noster
586 4651 637 4684 non
658 4637 693 4684 sic
714 4637 857 4701 simpliciter
873 4652 918 4701 pro

375 4725 416 4772 aaa
433 4712 541 4772 ponitur,
558 4714 600 4763 sed
616 4729 658 4777 epa
671 4730 705 4764 ex⁴
715 4722 800 4766 noster
811 4732 917 4780 percon·
937 4731 940 4774 ε

949 1443 1103 1505 sequentiam
1128 1444 1266 1492 deducitur.
1301 1444 1350 1506 Qui
1368 1450 1454 1493 noster
1470 1445 1501 1491 de

948 1536 974 1569 se
991 1522 1079 1579 utitur,
1097 1522 1139 1571 ille
1155 1537 1294 1572 sermonem
1307 1523 1415 1572 aliorum
1432 1525 1464 1572 de
1475 1538 1502 1571 se

947 1601 1101 1663 loquentium
1128 1604 1258 1666 exprimit,
1286 1604 1345 1652 facit
1373 1619 1401 1653 se
1428 1604 1501 1667 qnasi

948 1696 1027 1729 unum
1044 1695 1076 1729 ex
1092 1681 1135 1741 iis,
1154 1683 1275 1746 aquibus
1292 1683 1427 1731 iudicatur.
1448 1685 1501 1731 Mi-

948 1762 1014 1809 nime
1030 1762 1096 1810 istuc
1108 1761 1194 1825 faciet
1208 1765 1348 1812 Daemones
1361 1769 1455 1822 noster,
1464 1769 1501 1810 est

948 1841 1057 1887 mixtum
1073 1856 1106 1889 ex
1122 1856 1227 1904 persona
1247 1841 1370 1906 loquentis
1392 1847 1418 1891 et
1445 1856 1501 1905 per·

949 1921 1015 1968 sonis
1032 1921 1138 1970 aliorum
1150 1923 1180 1970 de
1197 1922 1315 1987 loquente
1326 1923 1500 1972 iudicantium.

949 2001 1080 2050 Acidalius
1110 2001 1208 2065 legebat
1246 2004 1381 2052 Daemones
1409 2009 1499 2053 aester.

949 2082 1004 2131 Hoc
1024 2082 1165 2131 Daemones
1187 2083 1287 2146 proprie
1308 2084 1392 2132 dicere
1410 2083 1500 2132 debue-

949 2170 995 2211 rat.
1028 2162 1077 2213 Sed
1103 2163 1229 2226 eleganter
1250 2163 1311 2212 alios
1332 2164 1391 2212 facit
1418 2163 1449 2211 de
1474 2177 1501 2211 se

949 2242 1090 2305 loquentes:
1108 2245 1219 2292 aelatae?
1236 2245 1336 2292 minima
1345 2244 1433 2306 saciet
1445 2258 1499 2292 nos-

951 2328 989 2370 ter
1011 2323 1158 2370 Daemones.
1184 2321 1259 2371 Alter
1275 2322 1344 2371 locus
1362 2322 1450 2371 Plauti
1468 2337 1500 2372 ex

950 2401 1054 2463 Epidico
1078 2401 1127 2448 hnc
1151 2402 1235 2450 minus
1258 2403 1373 2464 pertinet.
1413 2403 1500 2452 Variis

950 2480 1028 2528 modis
1046 2481 1165 2543 accipitur
1181 2487 1206 2528 et
1223 2480 1301 2544 accipi
1312 2488 1404 2543 potest:
1422 2482 1500 2530 Lam-

951 2561 1022 2608 binus
1047 2561 1224 2623 interpretatnr
1240 2561 1391 2628 familiares
1413 2577 1443 2611 aa
1460 2565 1501 2611 da

951 2643 1074 2698 mastices,
1099 2639 1188 2688 Douaa
1203 2642 1349 2702 circatores.
1371 2643 1441 2704 Ego:
1456 2656 1500 2690 no.

951 2721 977 2768 vi
994 2721 1054 2783 quid
1070 2727 1167 2768 nostros
1189 2721 1314 2778 homines,
1332 2721 1393 2784 quid
1417 2722 1498 2770 homi-

951 2815 995 2849 nes
1012 2814 1082 2848 meae
1099 2799 1257 2858 conditionis,
1274 2802 1333 2864 quid
1350 2815 1436 2849 servos
1447 2817 1500 2849 ma·

951 2885 1010 2928 neat
1033 2879 1065 2927 ab
1090 2879 1156 2928 heris
1181 2878 1258 2927 iratis.
1292 2878 1332 2926 Ita
1360 2894 1448 2930 serras
1473 2881 1500 2929 in

952 2959 1037 3007 eadem
1064 2958 1149 3006 sabula
1165 2958 1217 3007 III.
1235 2973 1263 3006 11.
1281 2960 1305 3006 4.
1333 2959 1414 3009 Crede
1431 2965 1502 3010 mado

953 3045 982 3087 tu
1007 3039 1077 3087 mibi.
1104 3039 1217 3100 Sisapo.
1254 3041 1297 3088 Sic
1322 3055 1390 3102 apere
1411 3044 1501 3090 nostri.

952 3118 1008 3167 Hoc
1024 3124 1073 3165 est:
1098 3123 1150 3164 tarn
1167 3117 1256 3166 callide
1272 3133 1333 3181 ago,
1355 3119 1391 3168 sic
1416 3134 1501 3169 omues

953 3212 997 3246 nos
1016 3197 1083 3246 servi
1099 3198 1205 3259 agimus.
1239 3199 1273 3247 Et
1290 3200 1325 3247 sic
1342 3200 1447 3250 fortasse
1464 3200 1502 3250 illi

954 3277 1173 3341 voluerunt‚quos
1181 3277 1266 3326 laudat
1275 3279 1411 3329 Bentleins.
1420 3280 1502 3341 Quam

953 3373 1044 3421 parum
1070 3365 1153 3406 autem
1178 3358 1247 3408 locus
1272 3361 1318 3409 iste
1335 3361 1384 3410 huc
1404 3362 1502 3421 faceret,

954 3439 1006 3502 ipse
1014 3439 1228 3500 sensissevidetur,
1236 3443 1369 3490 emendans
1377 3430 1505 3492 nastrum}

988 3518 1120 3567 Caeterum
1140 3525 1226 3568 noster
1246 3536 1296 3569 nou
1318 3522 1385 3570 idem
1408 3523 1499 3586 ubique

956 3597 1089 3660 significat,
1105 3598 1265 3646 iudicandum
1275 3614 1364 3663 nempe
1376 3615 1408 3649 ex
1421 3608 1503 3652 mente

955 3677 1085 3740 loquentis.
1114 3676 1141 3727 Si
1159 3679 1300 3742 Angustus,
1318 3682 1384 3744 apud
1402 3681 1503 3731 Sueten.

957 3758 981 3805 in
999 3758 1060 3806 Vita
1076 3757 1175 3807 Horatii
1191 3759 1214 3806 4.
1240 3759 1324 3807 scribit
1348 3760 1502 3809 Maecenati:

959 3839 1099 3887 Horatium
1115 3843 1230 3886 nastrum
1248 3844 1272 3888 te
1289 3840 1361 3901 cupio
1369 3842 1503 3890 adducere,

957 3923 994 3965 est
1019 3917 1137 3976 amantis;
1168 3918 1189 3965 si
1217 3918 1330 3967 homines
1360 3920 1503 3969 mussitant:

959 3999 1088 4046 Horatius
1104 4002 1188 4045 noster
1205 4013 1257 4045 una
1281 4014 1337 4047 curn
1355 4000 1505 4050 Maecenate

959 4079 1030 4125 ladas
1046 4080 1183 4137 spectavit,
1202 4079 1320 4127 addentes
1334 4078 1461 4141 fortunae
1470 4079 1504 4142 fi·

960 4159 1023 4204 lius!
1050 4162 1087 4203 est
1112 4157 1273 4208 irridentium.
1315 4159 1367 4207 Par
1392 4161 1456 4209 ratio
1479 4160 1504 4207 in

959 4251 1034 4284 naeus.
1052 4235 1140 4285 Cicero
1159 4239 1190 4285 ad
1202 4239 1272 4288 Fam.
1285 4240 1306 4287 I.
1326 4240 1406 4303 Epist.
1425 4242 1449 4289 9.
1466 4242 1506 4288 De

959 4320 1063 4367 Lentuli
1087 4319 1128 4365 tui
1149 4320 1277 4380 nostrique
1302 4321 1402 4367 studiis.
1440 4320 1504 4369 Len·

960 4399 1041 4446 tulum
1068 4412 1125 4447 rere
1150 4398 1257 4446 amicum
1282 4399 1373 4447 laudat.
1413 4399 1505 4449 Contra

960 4477 1089 4526 Phaedrus
1105 4479 1140 4527 V.
1159 4492 1206 4526 vn.
1232 4480 1316 4528 Honta
1338 4495 1408 4529 meur
1431 4495 1457 4528 se
1478 4479 1505 4524 in

958 4559 1059 4619 pulpito
1071 4564 1151 4606 totum
1159 4558 1442 4621 prosternit,tibicinem
1453 4571 1504 4621 per·

962 4637 1072 4701 stringit.

999 4718 1035 4764 Ut
1052 4723 1080 4766 tu
1099 4719 1201 4781 Sansper
1218 4721 1268 4768 eris
1284 4719 1388 4768 derisor.
1417 4717 1457 4766 Itu
1467 4717 1505 4776 de·
