3750 5759
367 678 410 739 44
759 671 1111 741 SATIRARUM

414 860 479 940 Qui
503 858 634 946 nequit,
663 859 715 925 hie
740 859 833 945 niger
856 865 924 943 est,
950 861 1038 927 hunc
1062 866 1117 944 tu,
1143 864 1307 949 Romane,
1332 871 1452 932 caveto.

415 963 517 1048 Saepe
541 962 646 1028 tribus
668 962 763 1028 lectis
786 963 898 1028 videas
922 985 1057 1030 coenare
1082 971 1271 1051 quaternos

415 1068 443 1131 Ε
468 1066 586 1152 quibus
610 1088 696 1132 unus
721 1071 809 1131 amet
829 1066 944 1153 quavis
971 1067 1164 1155 adspergere
1184 1075 1341 1154 cunctos,

368 1178 666 1233 testabuntur2Horatius
674 1178 780 1226 amicum
790 1176 916 1225 absentem
959 1173 1068 1236 frigidis,
1085 1189 1162 1239 quam
1179 1182 1216 1224 est
1232 1190 1304 1240 aqua.
1338 1175 1401 1226 Tale
1417 1183 1503 1225 eratv.
1585 1206 1588 1214 .

369 1278 419 1312 non
436 1262 514 1320 rodit,
531 1269 628 1319 contra,
650 1258 701 1307 alio
722 1257 848 1307 absentem
865 1256 916 1304 cal-
958 1266 979 1302 c.
997 1253 1079 1314 illius,
1101 1256 1132 1304 de
1148 1255 1243 1319 templo
1258 1255 1357 1305 Dianae
1373 1254 1504 1318 Ephesiae,

369 1350 451 1406 pente,
461 1342 579 1399 defendit,
587 1354 638 1389 non
647 1336 817 1401 captatrisum
826 1337 918 1384 damno
958 1334 1024 1396 quod
1040 1334 1214 1399 conflagravit,
1230 1350 1281 1400 qua
1295 1342 1367 1385 nocte
1382 1341 1455 1383 uatus
1470 1339 1505 1382 est

369 1422 454 1480 amici,
480 1436 530 1470 non
550 1426 630 1483 potest
650 1417 745 1480 fingere
766 1429 793 1463 se
814 1415 918 1475 vidisse,
959 1411 1105 1463 Alexander
1127 1414 1244 1479 Magnus.
1267 1413 1356 1466 Omnis
1377 1429 1454 1478 aqua,
1474 1413 1504 1461 ad

369 1504 434 1565 quod
445 1517 495 1551 non
506 1501 582 1559 vidit,
592 1498 678 1562 nequit
688 1504 770 1544 tacere
780 1495 917 1543 commissa
960 1492 1172 1556 exstinguendam
1197 1494 1351 1552 incondium,
1376 1507 1427 1541 uon
1454 1500 1505 1542 erat

369 1581 401 1629 In
418 1580 457 1628 his
466 1581 565 1643 stupere
581 1593 630 1626 aaa
646 1579 700 1626 vira
716 1573 917 1638 significaturu-
959 1578 1010 1620 tam
1033 1571 1137 1636 frigida,
1158 1589 1247 1638 quam,
1271 1575 1338 1638 quod
1358 1572 1449 1622 natalis
1470 1573 1504 1621 in·

369 1661 432 1709 tium
455 1659 529 1707 nimis
550 1655 703 1710 universale,
729 1654 861 1716 minusque
882 1652 927 1706 dt,
960 1650 1033 1700 fantis
1050 1652 1104 1702 lues
1130 1653 1244 1705 flammae
1269 1653 1341 1704 iatius
1367 1653 1504 1702 illustratus

370 1745 690 1800 sertecxpressum,quam
701 1730 917 1782 Horatioseacri-
960 1731 1157 1783 essediosbatur.
1191 1735 1226 1783 Et
1237 1735 1281 1796 qui
1292 1734 1395 1796 praebet
1405 1740 1495 1782 eatcoa

370 1826 407 1867 ter
424 1816 563 1867 defendenti
574 1815 697 1864 convenit.
723 1812 806 1862 Maius
818 1811 919 1875 aliquod
960 1814 1069 1869 ituatur,
1081 1812 1142 1863 alibi
1153 1816 1219 1878 apud
1230 1812 1364 1864 Horatium
1373 1812 1503 1874 parcebas.

371 1896 449 1944 animi
471 1894 528 1944 falsi
549 1894 630 1943 seclus
652 1892 818 1949 desideratur,
843 1903 919 1954 quam
959 1892 1060 1943 Durum
1077 1896 1338 1958 tamenquactaaqua
1348 1893 1504 1954 adaperuere

370 1975 525 2024 mendacium
542 1973 660 2038 fingentis
677 1987 727 2021 non
744 1973 804 2022 visa.
838 1972 920 2034 Lega-
961 1974 1045 2037 etqui
1067 1974 1151 2024 multis
1173 1973 1302 2023 videbatur
1323 1973 1399 2029 liber,
1420 1972 1507 2029 romu,

370 2071 439 2105 mus:
467 2058 574 2118 Fiaqere
598 2055 642 2116 qui
667 2053 797 2102 corrasisse
823 2055 920 2113 potest;
962 2055 1091 2113 urbanus,
1113 2053 1154 2101 hic
1174 2053 1201 2102 in
1223 2051 1337 2102 convivio
1357 2050 1439 2114 potius
1456 2057 1505 2100 erat

370 2137 598 2186 commissatorem
625 2133 678 2191 Qui
694 2132 787 2194 aequit.
812 2131 867 2180 Hoc
879 2130 920 2177 dc·
961 2134 1078 2191 matus,
1095 2131 1504 2196 uectrsacetus,quumfripidur.

370 2232 439 2265 mum
456 2222 493 2264 est
509 2214 598 2262 vitium
614 2227 643 2261 re
659 2210 849 2275 gravissimum,
866 2224 920 2258 ver·
961 2211 992 2259 In
1009 2211 1053 2260 udi
1069 2220 1151 2262 autem
1167 2211 1289 2262 locutione
1304 2211 1425 2275 figurata,
1445 2226 1504 2274 qua·

370 2297 408 2344 bis
425 2292 608 2358 elegantissime
625 2290 787 2340 declaratum.
812 2289 863 2351 Qui
879 2303 921 2351 po
961 2292 999 2339 uis
1015 2290 1104 2340 melius
1121 2290 1227 2341 abesset:
1248 2305 1309 2340 nam
1329 2290 1357 2339 in
1377 2305 1447 2354 aqua
1462 2289 1504 2338 vix

371 2382 418 2423 test
438 2373 547 2436 fingere,
568 2370 615 2420 sibi
636 2368 668 2418 ab
689 2369 770 2417 amico
791 2367 922 2416 commissa
962 2369 1031 2418 aliud
1047 2385 1122 2435 qnam
1133 2370 1337 2436 frtpueeogitari
1347 2375 1435 2433 potest.
1459 2369 1506 2418 Ne·

372 2469 425 2503 esse
442 2467 533 2502 arcana
553 2451 688 2516 quaedam,
709 2462 772 2512 quae
794 2446 837 2496 ille
857 2462 921 2496 nun·
962 2464 1010 2514 que
1030 2453 1146 2500 canutus
1160 2451 1261 2515 srtpare
1270 2450 1355 2513 ferire
1370 2456 1424 2498 erat
1439 2448 1506 2498 istius

372 2548 449 2596 quam
465 2529 598 2588 commisit,
617 2529 660 2593 qui
677 2542 728 2576 non
744 2533 825 2591 potest
840 2534 922 2575 tacere
962 2528 1082 2589 hominis,
1095 2528 1431 2593 sedpoteutioris,Augueli‚
1440 2529 1507 2579 Mae·

372 2628 475 2671 arcana,
492 2609 771 2661 sibiubamicorevera
781 2605 922 2664 commissa,
962 2611 1067 2671 conatis,
1083 2611 1126 2675 qui
1142 2610 1249 2660 minores
1269 2609 1438 2675 resriperaat,
1458 2625 1507 2660 ma·

372 2699 475 2756 uterque
491 2696 587 2754 peccat,
604 2688 649 2737 illo
665 2686 794 2736 mendacio
810 2687 922 2735 omnium
962 2690 1000 2753 gis
1021 2696 1105 2739 tamen
1126 2690 1219 2754 specie,
1244 2689 1329 2748 vultu,
1354 2690 1453 2748 habitu,
1477 2690 1507 2738 si·

374 2773 425 2823 fere
435 2771 619 2821 mendaciorum
628 2767 808 2823 scelestissimo,
817 2767 858 2814 hic
867 2781 922 2830 gar·
962 2770 1052 2829 lentio,
1069 2785 1144 2834 quam
1161 2769 1234 2819 dieto.
1266 2770 1349 2818 Locus
1365 2770 1428 2819 mihi
1443 2769 1507 2819 ride-

374 2853 473 2902 rulitute
490 2849 566 2899 stulta
581 2854 606 2897 et
621 2845 766 2910 periculosa
962 2857 1004 2899 tur
1015 2857 1151 2914 corruptus.
1180 2849 1288 2899 Tentari
1303 2850 1508 2900 emendationem:

407 2928 559 2979 Doderlinus
575 2940 620 2989 pro
636 2941 686 2975 aaa
697 2927 753 2974 aaa
764 2924 923 2973 scribendum
966 2931 993 2978 Ε
1012 2931 1104 2994 quibus
1124 2943 1191 2979 aaut
1208 2935 1274 2979 amet
1290 2932 1393 2993 quaesta
1409 2932 1508 2993 adsper-

375 3009 473 3057 coniicit
489 3023 538 3056 aaa
553 3021 621 3055 uera.
963 3025 1020 3071 pere
1035 3011 1148 3069 cunctis,
1164 3012 1274 3060 Praeter
1290 3025 1359 3069 eum,
1375 3010 1420 3072 qut
1434 3023 1506 3072 prae-

409 3091 437 3136 E
452 3089 542 3151 quibua
559 3099 625 3133 unus
640 3091 707 3133 amet
724 3087 811 3148 quasis
823 3087 923 3147 adsper-
964 3091 1016 3148 bct,
1033 3095 1063 3139 ut
1078 3104 1198 3152 aequum:
1220 3096 1262 3142 art
1278 3091 1345 3138 bunc
1360 3103 1455 3152 quaque
1468 3102 1509 3151 po·

375 3183 433 3233 pere
449 3171 561 3221 cunctos,
584 3165 695 3212 Praeter
715 3180 772 3212 eura
789 3166 833 3226 qui
847 3179 923 3226 prae·
965 3175 1016 3218 tus.
1049 3169 1188 3233 Adspergit
1204 3170 1302 3219 cunctis
1318 3169 1421 3231 quaesit
1436 3167 1509 3232 plane

376 3251 416 3296 bet
431 3260 538 3310 aquam,-
558 3248 628 3305 poet,
650 3244 716 3292 huuc
731 3257 826 3306 quoque
840 3251 924 3306 potue.
965 3255 993 3296 ut
1003 3249 1082 3312 Epist.
1093 3249 1115 3298 Ι.
1126 3263 1173 3298 xv,
1184 3249 1224 3298 30.
1250 3249 1382 3307 Quaelibet
1391 3249 1420 3296 ia
1430 3263 1510 3311 quem·

376 3326 434 3374 Non
462 3323 575 3387 intelligo
602 3322 661 3387 quid
692 3323 725 3371 sit
751 3324 796 3385 qut
821 3327 925 3385 praebet
965 3331 1002 3378 aa
1022 3331 1159 3392 opprobria
1172 3330 1271 3394 stupere
1294 3342 1391 3378 saeuus.
1425 3326 1510 3378 Sueto

377 3421 476 3468 aquarn.
503 3404 562 3453 Non
578 3403 924 3467 potest,crodo,significare,
965 3407 1021 3457 nius
1038 3407 1120 3473 Calig.
1137 3409 1178 3458 29.
1205 3409 1332 3457 Memento
1348 3410 1433 3457 amaia
1450 3409 1511 3456 mitt

377 3486 421 3547 qui
439 3487 543 3547 praebet
563 3498 669 3532 coenam.
708 3482 860 3546 Porphyri0:
882 3485 924 3543 „id
965 3490 992 3537 ia
1008 3503 1090 3538 omnes
1107 3489 1187 3538 licere.
1222 3487 1291 3537 Male
1312 3486 1339 3536 in
1360 3487 1428 3538 aliis:
1444 3493 1470 3538 et
1484 3489 1511 3536 ia

377 3571 427 3622 ost,
443 3564 589 3627 quipaseit.
615 3560 664 3611 Sed
676 3560 804 3611 videamus
815 3578 847 3611 an
859 3579 923 3612 com·
964 3582 1054 3617 omaes.
1087 3567 1180 3628 Potus,
1196 3581 1228 3617 ue
1245 3567 1510 3632 convivatoriquidem

377 3644 451 3692 moda
471 3641 623 3706 synecdoche
643 3641 676 3689 sit
696 3657 789 3703 aquam
810 3643 926 3705 praebere
964 3646 1053 3710 parcit,
1070 3646 1110 3696 cui
1125 3659 1225 3710 parcere
1241 3662 1348 3711 aequum
1363 3653 1418 3696 erat
1433 3653 1462 3697 ut
1474 3662 1511 3697 so-

378 3724 460 3772 dioere
475 3737 520 3786 pro
532 3724 655 3786 pascere.“
683 3722 836 3785 Exemplum
849 3722 923 3773 Satir.
966 3727 1034 3776 brius
1050 3728 1101 3791 ipse
1117 3727 1229 3792 patabat:
1247 3733 1278 3777 ut
1293 3744 1408 3792 aequum,
1424 3728 1511 3778 omisso

379 3804 416 3852 II.
434 3818 463 3851 11.
480 3803 520 3851 68.
537 3803 588 3850 huc
603 3815 653 3850 non
670 3801 789 3864 pertinet:
806 3802 841 3851 ibi
857 3805 924 3853 enim
966 3813 1017 3857 eat:
1040 3806 1114 3857 Satir.
1135 3807 1158 3858 1.
1180 3821 1220 3857 111.
1242 3807 1282 3858 69,
1304 3809 1402 3858 amicus
1418 3810 1511 3866 duras,

378 3880 925 3946 simplexNaeviuaoonvivisuaetamaquam
966 3893 997 3936 ut
1013 3904 1131 3951 aequum,
1148 3889 1260 3938 inclinet.
1280 3887 1313 3936 In
1327 3889 1433 3950 praebet
1448 3887 1511 3951 cogi·

379 3963 496 4024 praebat,
512 3959 577 4022 quod
588 3960 614 4007 in
625 3973 654 4007 eo
665 3961 852 4023 reprehenditur
863 3970 924 4012 tam·
966 3973 1033 4016 tatur
1054 3982 1157 4017 coenare
1176 3982 1209 4017 ex
1230 3981 1267 4016 vs.
1283 3967 1324 4016 86.
1341 3981 1415 4031 caepe
1432 3968 1512 4016 tribua

379 4056 453 4106 qnam
486 4039 605 4087 indicium
642 4038 724 4088 lautae
756 4041 925 4105 simplicitatis.
967 4049 1038 4096 lectis
1053 4048 1138 4097 adeas
1154 4054 1409 4112 coenarequateraos.
1437 4047 1512 4096 Prae

381 4120 453 4171 Servi
464 4119 581 4183 praebent
592 4135 691 4182 aquam.
713 4120 797 4170 Plaut.
809 4122 879 4172 Pers.
890 4124 925 4174 V.
967 4126 1009 4175 bet
1025 4141 1140 4187 coenare,
1155 4134 1183 4176 ut
1204 4129 1251 4176 dat
1270 4129 1358 4177 bibere.
1391 4127 1513 4176 Lambiuo

380 4217 408 4251 11.
423 4203 460 4252 lt„
478 4201 552 4250 Ferte
562 4216 656 4263 aquam
664 4201 776 4264 pedibus.
802 4205 926 4254 Praebea'
967 4207 1058 4266 iudice,
1075 4206 1178 4256 verbum
1195 4210 1313 4269 praebere
1329 4208 1459 4256 accusandi
1474 4222 1512 4256 ca·

380 4287 409 4330 tu
425 4284 515 4344 puerei
548 4280 615 4330 Illud
631 4287 714 4330 antem
730 4282 757 4330 in
773 4281 858 4334 Oarm.
874 4284 926 4334 111.
967 4301 1023 4334 snm
1039 4299 1136 4349 semper
1152 4287 1288 4346 desiderat,
1309 4301 1356 4334 nec
1371 4300 1482 4351 unquam
1498 4302 1513 4335 a

382 4363 419 4410 19.
437 4363 494 4423 quis
509 4377 602 4424 aquam
619 4367 739 4425 temperet
750 4365 850 4426 tpribue
868 4367 926 4425 Quo
967 4364 1123 4429 scriptoribus
1139 4379 1167 4414 se
1183 4365 1273 4414 vidisse
1289 4365 1369 4414 omitti
1385 4380 1415 4415 ae
1430 4367 1511 4416 subin-

378 4442 514 4501 pruebeate
533 4442 644 4500 marum,
668 4442 751 4491 minus
776 4444 851 4494 otiam
875 4446 925 4494 buc
966 4443 1059 4508 telligi,
1075 4444 1139 4494 dicit.
1173 4444 1223 4495 Sed
1240 4444 1336 4493 nullum
1353 4446 1512 4503 estverbum,

381 4518 494 4581 pertinet.
529 4519 643 4570 Muretus
664 4523 761 4572 coniicit
783 4540 857 4586 aqua.
891 4527 926 4575 Et
966 4526 1058 4589 inquo
1079 4525 1260 4575 substantivum
1279 4540 1330 4573 non
1346 4525 1468 4574 omittitur
1484 4540 1513 4575 ac
1575 4589 1579 4599 Ι

381 4597 430 4645 dici
448 4604 543 4661 poterat
566 4602 672 4650 conviva
695 4606 812 4655 convivas
836 4609 926 4669 quasia
966 4605 1169 4669 subintelligitur,
1187 4607 1260 4655 modo
1277 4605 1350 4655 facile
1366 4620 1399 4654 ex
1415 4611 1511 4655 senten·

382 4691 447 4740 aqua
464 4678 622 4741 adspergere,
639 4683 682 4743 qui
698 4685 768 4734 dietis
785 4687 862 4736 utitur
872 4693 923 4735 tam
965 4686 1000 4735 tia
1021 4686 1108 4736 deduci
1131 4687 1220 4751 possit,
1245 4694 1273 4735 ut
1297 4686 1338 4734 bic
1364 4692 1450 4749 potest.
1485 4684 1511 4736 Si
