3750 5759
775 719 957 782 LIBER
1004 719 1046 782 ll.

383 905 440 968 Nil
464 925 542 970 sane
565 901 662 986 fecit,
687 903 774 988 quod
798 911 834 967 ιιι
857 904 1088 988 reprehendere
1111 902 1235 988 possis:

385 1009 459 1073 Non
484 1007 630 1092 Pyladen
654 1005 737 1072 ferro
761 1006 882 1071 violare
905 1029 1044 1071 aususve
1068 1027 1209 1071 sororem

385 1113 566 1179 Electram:
590 1115 721 1177 lantum
745 1112 913 1177 maledicit
935 1111 1081 1196 utrique,
1107 1111 1251 1196 iocando

386 1217 482 1281 Hane
506 1215 657 1298 Furiam,
683 1217 769 1281 huna
793 1215 902 1298 aliud,
927 1214 1026 1280 iussit
1049 1215 1136 1299 quod
1160 1213 1332 1299 splendida
1356 1212 1441 1277 bilis.

385 1320 513 1404 Pauper
537 1318 687 1404 Opimius
712 1320 840 1405 argenti
864 1318 965 1404 positi
989 1319 1079 1382 intus
1104 1324 1137 1382 et
1160 1317 1248 1399 auri,

387 1422 451 1503 Qui
474 1422 696 1488 Veientanum
720 1423 814 1488 festis
837 1427 950 1508 potare
973 1422 1087 1486 diebus

385 1525 554 1613 Campana
577 1528 694 1593 solitus
719 1529 820 1593 trulla
842 1549 1047 1613 vappamque
1070 1526 1241 1612 profestiS,

386 1629 558 1710 Quondam
582 1631 731 1718 lethargo
754 1632 872 1717 grandi
896 1636 947 1696 est
971 1652 1163 1716 oppressae,
1189 1640 1226 1694 ut
1249 1630 1340 1694 lieres

385 1733 456 1798 Iam
481 1733 602 1799 circum
626 1734 750 1801 loculos
775 1743 808 1801 et
831 1736 937 1801 claves
962 1736 1067 1800 laetus
1092 1756 1256 1819 ovansque

386 1836 543 1903 Ourreret.
593 1839 691 1904 Hunc
715 1839 862 1905 medicus
886 1839 1031 1903 multum
1055 1838 1138 1903 celer
1161 1843 1258 1923 atque
1281 1836 1388 1900 fidelis

338 1966 510 2014 setutvirum
523 1965 668 2028 sapientem.
694 1966 889 2029 QuareOrestes
930 1970 1016 2029 inops,
1038 1983 1115 2029 opens.
1149 1968 1184 2015 Et
1208 1965 1243 2014 aie
1267 1964 1370 2028 antiqui.
1395 1963 1480 2012 Plaut.

339 2045 381 2093 hic
397 2045 537 2109 appellatur
553 2047 643 2094 mentis
661 2050 890 2110 maletutae‚quae
931 2046 989 2095 Mil.
1013 2046 1083 2096 Glor.
1106 2047 1191 2095 Ι11.ι.
1211 2047 1265 2095 109.
1299 2047 1337 2094 At
1354 2046 1400 2093 ilia
1419 2046 1476 2093 laus

338 2138 389 2172 non
406 2130 462 2172 tuta
478 2125 576 2181 estiis,
601 2125 644 2188 qui
666 2140 723 2174 cum
744 2141 774 2175 eo
791 2141 889 2175 versun·
931 2131 982 2186 est,
1008 2141 1097 2189 mapae
1121 2126 1148 2174 in
1173 2141 1260 2189 penore
1284 2131 1309 2174 et
1330 2126 1357 2173 in
1379 2125 1479 2172 divitiis

339 2210 393 2261 tur,
410 2209 439 2251 ιιι
456 2219 480 2252 v.
492 2217 512 2252 c.
530 2218 599 2252 mare
610 2210 711 2267 propter
722 2204 821 2264 brevia,
838 2220 890 2254 sco·
931 2208 1051 2255 menimis
1085 2208 1187 2255 Liberos
1215 2207 1337 2254 boraiaem
1364 2207 1481 2253 educare.

338 2282 410 2344 pulos
427 2289 452 2331 et
467 2282 588 2346 procellas
605 2287 670 2332 male
687 2289 772 2333 tutam
793 2293 831 2334 est
847 2302 889 2334 na·
931 2286 1049 2336 Ambros.
1075 2287 1106 2335 T.
1131 2287 1152 2334 Ι.
1179 2302 1202 2348 p.
1227 2286 1281 2334 193.
1314 2288 1351 2334 Iu
1375 2287 1480 2334 summis

340 2362 493 2424 rigantibus.
537 2362 709 2411 Periculosum
737 2370 775 2412 cst
803 2363 890 2415 Oreste
930 2368 1120 2428 divitiisinaps.
1143 2365 1186 2415 sie
1196 2365 1314 2413 Latinum
1326 2371 1390 2413 erat:
1408 2366 1479 2411 Pau·

340 2440 432 2499 fidere,
456 2450 486 2489 ut
510 2439 648 2504 lethargico
672 2441 714 2490 illo
739 2443 764 2490 in
790 2460 827 2492 vs.
850 2448 889 2496 31.
929 2463 976 2510 per
996 2448 1112 2508 Opimius
1132 2448 1160 2494 ia
1181 2451 1285 2507 arpenta
1304 2446 1387 2506 posito
1410 2445 1480 2492 intus

339 2535 397 2568 cum
406 2520 444 2583 fit
459 2522 531 2583 papii
547 2527 572 2569 et
589 2521 712 2570 medicum
729 2530 809 2586 arpet.
838 2526 889 2574 Ho-
930 2533 955 2575 et
973 2543 1042 2575 aare.
1077 2526 1114 2575 Ut
1126 2526 1191 2588 apud
1202 2525 1276 2573 alios:
1294 2530 1406 2586 conpecto
1416 2539 1480 2585 pau-

340 2599 418 2648 ratius
438 2599 620 2663 Damasippum
642 2608 766 2660 metuens,
790 2618 889 2667 respon·
929 2623 976 2670 per
992 2609 1019 2654 in
1036 2622 1107 2655 auro.
1141 2607 1174 2653 Et
1198 2607 1313 2668 Opimius
1332 2618 1384 2653 esse
1401 2610 1481 2666 potest

339 2681 394 2728 det:
417 2682 490 2728 Dum
511 2696 543 2750 ns
563 2681 626 2742 quid
645 2681 728 2728 siarile
749 2683 819 2739 bair,
836 2688 890 2731 esto
930 2685 1096 2748 trisyllabum.
1122 2685 1239 2732 Horatius
1254 2684 1357 2732 fortasse
1369 2683 1478 2745 scripsit:

339 2761 455 2808 utlibet.
489 2759 566 2807 Modo
583 2774 614 2807 ne
632 2774 671 2808 me
688 2774 790 2822 urgeas,
811 2767 889 2809 stran·
931 2766 1039 2824 Pauper
1059 2764 1176 2824 Opimius
1195 2767 1297 2824 arpenta
1314 2763 1393 2822 posito
1409 2762 1480 2808 intus

340 2838 425 2900 gulas,
454 2853 485 2887 ne
511 2839 577 2888 male
601 2846 682 2896 tutus,
710 2840 799 2888 mentis
824 2842 890 2889 male
909 2884 910 2903 p
930 2847 956 2888 et
980 2857 1049 2889 ama
1092 2841 1207 2903 Pauper,
1235 2840 1349 2902 quamvis
1377 2838 1480 2886 haberet

342 2925 412 2966 tutae
432 2919 473 2967 sis.
508 2921 542 2967 Et
564 2920 613 2967 iam
635 2919 787 2978 Lambinus,
810 2928 838 2967 ut
855 2922 889 2969 vi·
908 2918 911 2963 ῗ
930 2936 1019 2969 aurum
1042 2928 1066 2968 et
1089 2927 1220 2982 argentum
1241 2919 1308 2966 intus
1326 2919 1352 2966 in
1368 2931 1425 2965 arca
1442 2931 1478 2966 re·

341 2999 402 3057 deo,
418 2998 444 3046 in
461 2999 528 3047 hunc
544 3012 645 3046 sensum
661 2999 709 3046 ista
725 3008 857 3062 acceperat.
929 3001 1064 3048 conditum.
1098 2998 1179 3047 Plane
1196 3007 1224 3046 ut
1240 3013 1277 3048 vs,
1293 2999 1349 3047 115.
1376 2998 1480 3058 Sipari-

375 3079 572 3140 Niisanefecit.
608 3079 706 3136 Sanus,
723 3081 890 3128 insanustam
930 3083 966 3128 tis
977 3082 1048 3128 intus
1062 3080 1120 3129 Chii
1130 3081 1268 3141 ortamque
1285 3077 1388 3126 Falerni
1404 3077 1481 3126 Mille

340 3172 414 3221 saepe
430 3159 461 3206 de
478 3166 560 3206 mento
580 3172 641 3205 sana
658 3165 682 3206 et
698 3160 786 3205 insana
802 3159 889 3221 repeti-
930 3162 1001 3210 cadis
1018 3186 1049 3196 -
1067 3163 1145 3208 Patet
1163 3165 1269 3207 acetum.

342 3245 396 3297 tur,
418 3239 479 3302 quin
502 3238 528 3285 in
546 3253 582 3285 vs.
599 3238 646 3286 201
665 3237 768 3300 legitur,
785 3241 890 3286 imaum
963 3237 1127 3286 Doderlinus:
1154 3239 1248 3296 „Iatm
1269 3236 1321 3284 vim
1343 3235 1479 3284 sententiae

336 3318 417 3380 serit,
445 3324 473 3366 ut
501 3324 585 3379 putem
611 3318 744 3365 Horatium
775 3318 816 3365 hic
839 3332 891 3365 non
930 3318 1006 3365 addit.
1042 3317 1154 3380 Opimius
1181 3318 1247 3365 domi
1268 3330 1349 3378 neque
1371 3315 1478 3363 multum

342 3396 468 3460 scripsisse
490 3411 552 3445 sane
572 3398 615 3444 scd
630 3395 713 3457 plane.
748 3397 816 3443 Nota
831 3405 890 3444 sunt
930 3406 1031 3461 paratae
1058 3397 1189 3459 pecuniae,
1218 3410 1297 3457 neque
1323 3409 1384 3441 vasa
1405 3407 1480 3442 aurea

340 3477 418 3538 plane
433 3477 512 3534 nimi,
525 3490 631 3536 prorsus
644 3478 723 3534 nibil,
739 3477 837 3524 carniae
852 3479 890 3524 ni·
931 3491 1011 3538 neque
1028 3483 1147 3536 argentea
1163 3475 1277 3522 habebat.
1313 3475 1388 3522 Sacri
1409 3488 1480 3520 ituria·

343 3556 388 3603 bii.
421 3554 489 3604 Illud
505 3569 566 3602 sane
576 3554 644 3617 fecit
658 3553 890 3618 significatquoque
931 3572 1030 3604 anorum
1054 3571 1078 3603 v.
1106 3555 1159 3601 145.
1185 3554 1275 3616 effusi,
1301 3551 1395 3601 foenori
1421 3567 1481 3601 mox

342 3647 420 3682 sanus
434 3635 514 3696 fecit,
535 3641 565 3682 ut
586 3650 658 3693 sane,
683 3636 771 3682 imane
792 3651 891 3695 avitare,
932 3635 1041 3683 faciendo
1062 3640 1134 3682 erant
1155 3633 1279 3681 destinati.
1314 3635 1422 3694 Pauper
1440 3649 1480 3680 ar-

343 3711 442 3762 similia.
932 3716 1014 3778 penti,
1032 3728 1119 3762 revera
1135 3720 1173 3761 est
1189 3715 1307 3775 pauper.“

377 3793 485 3856 Pauper
505 3794 621 3856 Opimius
642 3796 741 3856 arpenti
760 3794 839 3855 positi
854 3795 892 3841 in·
965 3797 1045 3844 Hanc
1067 3795 1176 3843 mediam
1198 3794 1306 3841 maltam
1323 3793 1482 3854 celeratque

344 3877 387 3920 tus
408 3878 434 3920 et
455 3873 521 3920 auri.
555 3871 657 3935 Pauper
678 3877 778 3936 arpenti
798 3880 834 3922 est
849 3873 893 3936 qui
924 3875 1020 3938 fidelis.
1053 3873 1165 3922 Medicus
1187 3873 1251 3920 celer
1272 3871 1354 3921 nescio
1377 3886 1409 3925 an
1428 3871 1481 3919 lau·

344 3967 395 4002 non
415 3952 502 4010 habet,
524 3960 553 4000 ut
574 3956 753 4016 pauperrimus
775 3955 893 4002 bonoram
932 3953 1028 4001 dandus
1053 3953 1097 4010 sit,
1123 3952 1215 4000 nedum
1240 3951 1349 4000 medicus
1372 3953 1481 4003 maltum

345 4031 421 4082 Satir.
439 4033 460 4084 1.
479 4047 496 4080 1.
514 4032 554 4083 79.
589 4032 717 4096 Opimium
739 4032 841 4090 habere,
861 4032 893 4080 si·
932 4036 1008 4092 celer,
1026 4033 1074 4081 nisi
1091 4033 1150 4095 quid
1167 4032 1272 4080 addatur
1289 4031 1481 4080 adceleritatem

345 4112 478 4176 gnificatur
494 4113 578 4161 addito
594 4115 666 4163 intus
681 4115 766 4176 positi.
801 4112 841 4160 Ita
858 4111 894 4158 di·
932 4114 1166 4169 commendandam,
1183 4127 1206 4159 v.
1224 4126 1244 4160 c.
1262 4114 1361 4168 iudicia,
1378 4113 1481 4174 inpeaio,

344 4194 450 4242 cendum
464 4200 516 4242 erat
532 4194 611 4242 Dives
625 4195 748 4256 Opimius.
771 4193 894 4255 Interpre·
933 4196 1048 4253 consilio,
1072 4208 1157 4248 sensa,
1180 4193 1245 4254 quod
1268 4199 1305 4240 est
1326 4193 1392 4255 apud
1413 4191 1482 4241 Vell.

344 4280 430 4322 tantur
438 4273 572 4322 Horatium
581 4287 614 4321 ex
622 4273 773 4322 Horatiano:
791 4288 895 4334 niapnas
934 4275 1032 4323 Patere.
1054 4273 1089 4321 11.
1110 4272 1165 4320 118.
1192 4273 1296 4319 Iuvenis
1313 4288 1399 4333 ponere
1416 4274 1483 4320 nobi-

346 4355 414 4402 r'nter
434 4368 491 4416 opes
512 4354 591 4415 inops.
625 4354 681 4401 Hoc
702 4354 823 4402 Latinum
845 4359 895 4409 est,
935 4355 979 4411 tis,
1007 4367 1084 4400 rauna
1099 4352 1194 4414 sortis,
1221 4365 1294 4398 serrsa
1311 4353 1386 4407 celer,
1412 4353 1484 4399 ultra

346 4438 372 4480 ct
393 4431 434 4480 hic
456 4440 520 4481 erat:
547 4435 655 4495 Pauper
680 4435 797 4496 Opimius
813 4448 896 4495 arpen·
935 4436 1073 4483 barbarum
1097 4438 1232 4494 promptae
1257 4432 1361 4493 impertio.
1395 4432 1430 4480 Et
1447 4432 1482 4482 II.

348 4517 402 4559 tum
423 4513 533 4574 positam
553 4515 622 4560 inter
643 4518 668 4560 et
688 4529 788 4561 aarum.
823 4513 897 4562 Talia
935 4517 976 4568 73.
1001 4515 1121 4576 copitator
1147 4514 1223 4568 celer,
1249 4526 1293 4559 seu
1310 4513 1434 4574 capitata,
1457 4520 1485 4560 ut

347 4594 420 4650 sunt,
445 4592 567 4641 Tantalus
585 4591 637 4640 sitit
653 4594 720 4640 inter
742 4608 835 4656 aquas,
857 4592 896 4640 vel
937 4593 979 4640 alii
992 4591 1089 4653 legunt.
1111 4591 1179 4639 Hinc
1190 4592 1304 4640 celeritas
1315 4591 1423 4652 inpenia‘,
1436 4607 1485 4655 qua

348 4673 377 4719 ia
392 4673 479 4733 aquis,
503 4679 530 4720 ut
551 4670 647 4735 Appul.
671 4671 702 4719 de
725 4671 779 4719 Deo
802 4672 895 4722 Socrat.
915 4680 917 4716 ὲ
937 4673 1020 4735 Nepos
1049 4671 1188 4719 Eumenem
1223 4670 1366 4721 excelluisse
1394 4673 1486 4722 scribit.

348 4767 372 4814 p.
393 4751 446 4801 171.
484 4754 591 4802 Tantali
612 4754 664 4802 aiae
681 4754 708 4800 in
725 4754 779 4800 siais
796 4754 896 4800 diuitiis
915 4751 918 4802 ζ
937 4752 1055 4800 Horatius
1073 4749 1117 4800 tali
1134 4751 1207 4798 modo
1224 4764 1323 4801 versum
1341 4765 1487 4814 componere
