3750 5759
365 690 406 751 76
757 684 1110 751 SATIRARUM

410 872 564 958 „Religio
588 874 672 937 est.“
720 871 790 954 „At
812 873 877 935 mi:
902 892 977 935 sum
999 871 1111 955 paullo
1134 871 1312 957 infirmior,
1337 895 1423 939 unus

413 977 612 1042 Multorum:
638 974 807 1060 ignosces3
835 974 916 1039 alias
941 974 1089 1059 loquar.“
1137 975 1308 1042 Hunccine
1332 978 1435 1044 solem

409 1080 487 1144 Tam
512 1079 644 1165 nigrum
668 1100 800 1144 surrexe
823 1077 927 1143 mihi?
950 1077 1039 1163 fugit
1061 1078 1245 1164 improbus,
1270 1102 1307 1145 ac
1329 1102 1384 1145 me

412 1182 479 1248 Sub
502 1182 608 1247 cultro
630 1181 762 1267 linquit.
812 1181 900 1247 Casu
922 1181 1015 1246 venit
1037 1181 1151 1246 obvius
1176 1181 1227 1245 illi

409 1285 645 1368 Adversarius,
671 1292 704 1349 et
727 1285 823 1367 „Quo
847 1291 900 1367 tu,
925 1284 1159 1369 turpissime?“
1183 1307 1306 1371 magna

409 1389 573 1453 Inclamat
594 1410 687 1453 voce:
712 1392 746 1453 et
769 1387 886 1470 „Licet
908 1387 1110 1453 antestari?“
1135 1388 1207 1473 Ego
1229 1410 1305 1455 vcro

411 1490 548 1577 Oppono
571 1491 769 1556 auriculam:
794 1490 882 1576 rapit
904 1491 939 1556 iu
963 1491 1033 1570 ius3
1058 1491 1180 1556 clamor
1202 1492 1383 1578 utrimque,

411 1594 565 1680 Undique
589 1616 773 1661 concursus.
823 1594 876 1661 Sic
899 1617 953 1660 me
976 1596 1117 1661 servavit
1140 1595 1270 1680 Apollo.

854 1784 1016 1806 Q·-

779 1944 1015 2010 SATIRA
1060 1945 1102 2010 X.

456 2103 588 2195 Lucili,
614 2133 712 2197 quam
737 2111 781 2177 sis
805 2111 1000 2195 mendosus,
1025 2117 1109 2179 teste
1133 2113 1257 2180 Catone

413 2215 590 2280 Defensore
614 2220 671 2279 tuo
694 2215 900 2301 pervincum,
925 2216 982 2302 qui
1006 2217 1092 2282 male
1115 2217 1218 2285 factos

412 2318 596 2384 Emendare
618 2325 713 2404 parat
735 2341 866 2398 versus3
890 2320 952 2385 hoc
975 2320 1082 2387 lenius
1107 2322 1179 2405 ille,

542 2502 679 2552 SATIRA
704 2503 737 2551 X¹
957 2475 1022 2524 malo
1047 2476 1136 2534 factos,
1161 2492 1212 2526 nou
1236 2478 1359 2541 sequitur,
1381 2478 1506 2528 Lucilium

958 2556 1056 2618 postam
1077 2556 1153 2605 fuisse
1174 2558 1247 2606 valde
1263 2559 1415 2608 mendosum.
1443 2557 1508 2609 Cato

400 2600 800 2697 Lucilt‚qoamsr'rmeadosus.
827 2633 915 2684 Sintue
957 2637 1024 2685 enim
1045 2637 1086 2684 hic
1107 2636 1157 2685 illic
1176 2639 1259 2686 errare
1274 2638 1361 2701 potuit.
1395 2639 1452 2688 Hoc
1468 2654 1507 2687 ar-

367 2721 421 2763 octo
438 2727 524 2761 versus
541 2712 652 2772 Horatii,
670 2728 703 2760 arr
719 2727 769 2761 non
787 2711 849 2770 sint,
865 2713 914 2761 iam
958 2721 1105 2778 gumentum
1121 2731 1192 2775 sane,
1210 2724 1238 2765 ut
1250 2732 1266 2765 a
1277 2718 1404 2766 defensore
1415 2718 1508 2767 Lucilii

367 2794 426 2843 olim
451 2808 467 2841 a
488 2794 549 2841 viris
571 2793 674 2841 eruditis
695 2793 849 2855 disputatum
871 2799 914 2841 est.
957 2801 1080 2852 sumtum,
1106 2795 1194 2858 probet
1215 2796 1334 2854 multum,
1356 2811 1407 2845 non
1428 2812 1507 2861 usque

367 2874 518 2937 Doeringius
544 2874 570 2921 in
595 2872 915 2936 Programmatea.1822.
958 2876 1031 2933 adeo,
1048 2881 1077 2923 ut
1093 2876 1151 2923 inde
1167 2878 1306 2937 pervincas.
1333 2875 1451 2926 Pluribus
1468 2892 1507 2925 ar·

303 3001 314 3013 ,
368 2954 474 3004 Horatio
480 2953 575 3011 tribuit,
584 2953 741 3001 Eichstadius
750 2952 916 3015 inProgram·
958 2954 1082 3016 gumentis
1098 2960 1124 3001 et
1140 2953 1221 3001 verbis
1237 2960 1364 3017 praeterea
1374 2970 1435 3019 opus
1445 2964 1508 3014 erat,

369 3041 435 3083 mate
452 3035 561 3083 eiusdem
578 3031 778 3081 anniabiudicat.
799 3030 916 3091 Quaestio
958 3048 1034 3097 quarn
1058 3034 1179 3084 Horatius
1205 3049 1273 3083 nunc
1297 3036 1384 3085 utitur.
1425 3035 1507 3094 Cato,

369 3115 461 3178 optime
477 3113 625 3176 intelligitur
638 3127 671 3160 ex
681 3112 839 3160 annotatione
850 3112 915 3160 Doe·
958 3112 1071 3161 defensor
1093 3114 1201 3177 alioquin
1223 3114 1324 3173 Lucilii,
1351 3130 1437 3163 versus
1454 3117 1507 3166 Lu-

369 3191 752 3257 ringiiined.Hor.a.1824.
786 3192 832 3241 An
842 3191 916 3239 Eich-
958 3191 1007 3239 cilii
1028 3192 1093 3241 male
1115 3192 1191 3241 iactos
1213 3195 1335 3244 emendat.
1368 3196 1436 3245 Hinc
1451 3212 1507 3261 per-

370 3274 462 3323 stadius
484 3272 649 3334 responderit,
671 3272 765 3335 ignoro.
792 3270 916 3321 Gesnerus
959 3270 1206 3327 vincam,Lucilium
1218 3275 1437 3324 essemendosum.
1456 3276 1507 3325 Ar·

370 3359 453 3418 putat,
470 3353 491 3401 si
508 3366 594 3400 versus
611 3358 665 3400 octo
681 3366 732 3399 non
748 3350 799 3399 sint
809 3349 917 3408 Horatii,
959 3352 1112 3414 gumentatio
1135 3367 1187 3400 non
1211 3352 1357 3403 Horatiana.
1391 3354 1508 3405 Fortasse

371 3433 466 3496 antiqui
476 3440 558 3481 temen
570 3439 594 3480 et
605 3430 727 3494 ingeniosi
739 3430 845 3478 hominis
855 3444 917 3492 opus
959 3431 1069 3494 scripsit:
1094 3433 1191 3493 Lucili,
1212 3448 1288 3494 quum
1308 3436 1345 3482 sia
1362 3437 1508 3496 irrendosua,

372 3514 458 3563 rideri.
492 3513 541 3563 Sed
561 3511 607 3561 hoc
622 3526 667 3574 per
682 3526 709 3560 se
725 3525 776 3559 non
792 3517 830 3559 est
845 3524 919 3577 argu·
960 3516 1021 3559 teste
1051 3512 1161 3568 Catone,
1189 3514 1330 3574 Defensore
1357 3520 1402 3563 tao
1429 3532 1508 3579 prope

371 3601 483 3643 mentum
496 3606 577 3656 neque
590 3607 636 3655 pro
651 3591 774 3655 genuinis,
786 3604 920 3655 nequepro
958 3592 1065 3642 vincam.
1098 3592 1208 3642 Lucilius
1226 3600 1263 3642 est
1279 3596 1351 3658 poete
1367 3598 1507 3647 mendosus.

373 3674 488 3737 antiquis.
523 3671 551 3721 Si
568 3672 683 3719 Muretus
700 3686 724 3719 v.
738 3685 759 3720 c.
777 3685 804 3719 se
821 3671 846 3718 in
860 3670 917 3721 MS.
958 3669 1014 3719 Hoc
1035 3670 1138 3720 fortasse
1160 3672 1210 3719 iam
1231 3687 1264 3721 ex
1280 3688 1309 3722 eo
1325 3682 1436 3725 constare
1452 3690 1508 3739 pos-

373 3754 455 3818 uliquo
476 3752 601 3801 iuvenisse
624 3752 727 3800 dixisset
747 3759 772 3800 et
794 3758 867 3800 antea
882 3752 918 3799 in·
959 3750 1004 3811 sit,
1021 3752 1088 3815 quod
1105 3750 1170 3801 Cato
1187 3752 1267 3802 faeere
1283 3761 1361 3817 parat.

372 3833 483 3895 cognitos
506 3831 600 3894 primus
625 3830 756 3888 edidisset,
784 3845 841 3879 eum
866 3845 919 3880 asse
994 3832 1050 3881 Hoc
1072 3833 1153 3880 lenius
1174 3830 1229 3891 ille,
1254 3834 1308 3881 Est
1329 3848 1377 3895 qao
1397 3835 1438 3881 air
1458 3850 1507 3883 me-

278 3933 282 3939 ¹
373 3919 497 3962 auctorem
514 3911 658 3974 suspicarer.
692 3911 742 3961 Sed
758 3911 920 3960 inveniuntur
958 3914 1022 3961 lior:
1045 3913 1114 3975 lonqe
1134 3912 1253 3961 subtilior
1272 3913 1324 3961 illo.
1358 3912 1435 3961 Doer.
1456 3913 1507 3961 edi·

373 3991 400 4039 in
422 3990 592 4053 antiquissima
613 3991 719 4039 editione
737 3990 877 4048 Zarottina,
895 3997 919 4040 et
958 3990 1007 4038 dit:
1025 4005 1073 4054 quo
1089 3992 1177 4039 melior
1193 3991 1234 4039 vir
1251 3991 1330 4039 adest.
1365 3990 1507 4041 Meinekius

374 4070 551 4136 antiquioribus
581 4086 611 4121 ea
636 4071 711 4122 MSS.
754 4071 811 4134 Qua
839 4078 919 4121 aetate
959 4071 1099 4119 annotavit:
1120 4075 1176 4129 „est
1197 4084 1245 4132 quo
1267 4072 1307 4118 vir
1329 4072 1424 4119 nselior.
1467 4072 1508 4121 Ita

373 4158 456 4200 autem
478 4149 554 4201 MSS.
571 4151 619 4199 ista
635 4150 832 4209 conficiebantur,
845 4165 919 4200 nemo
959 4148 1047 4212 vulgo:
1064 4164 1110 4198 nee
1125 4149 1507 4214 reiiciopropterlocum,quem

373 4231 435 4281 tales
460 4246 547 4280 versus
572 4245 717 4293 componere
742 4229 839 4279 sciebat.
882 4230 919 4279 Ut
959 4236 995 4277 eet
1020 4237 1135 4292 oocupat3
1165 4231 1230 4293 quod
1260 4230 1374 4279 similiter
1398 4232 1506 4293 positum

375 4318 404 4360 ut
420 4319 468 4370 est,
488 4326 539 4359 non
558 4310 690 4359 abhorrent
706 4309 736 4358 ab
752 4310 852 4374 ingenio
868 4310 919 4359 Ho·
958 4308 1033 4357 habes
1054 4310 1119 4371 apud
1136 4309 1273 4373 Virgilium
1294 4310 1342 4359 XI.
1365 4310 1432 4359 Aen.
1449 4312 1506 4360 tos.

374 4393 471 4441 retiano
487 4398 512 4440 et
528 4390 607 4439 forma
624 4389 771 4440 Satirarum.
960 4388 1010 4436 Sed
1017 4403 1091 4445 stunc,
1099 4391 1229 4438 estomnta
1237 4391 1396 4451 quuadoIste
1404 4393 1507 4441 uniatur

408 4473 568 4521 Pervincam.
603 4469 652 4531 Qui
672 4469 763 4534 aliquid
781 4471 920 4533 perstaret,
958 4481 1147 4529 anticameram
1154 4468 1379 4530 perureretur-em.
1396 4470 1507 4527 Attum

375 4552 422 4601 hoc
437 4566 464 4603 se
480 4551 515 4599 ita
531 4551 759 4599 demonstraturum
779 4563 831 4599 esse
846 4548 920 4612 profi·
958 4546 1016 4595 libri
1032 4546 1083 4597 fere
1099 4547 1218 4607 habeant,
1235 4562 1283 4611 qao
1299 4548 1507 4611 melioraret,

375 4637 453 4689 tetur,
474 4636 503 4679 ut
518 4629 632 4678 omnibus
648 4629 721 4692 plane
736 4630 920 4692 persuadeatur.
960 4627 1007 4675 hoc
1026 4628 1119 4692 ipsum,
1141 4642 1198 4677 cum
1218 4641 1319 4691 prorsus
1341 4629 1372 4676 ed
1391 4628 1507 4679 imitatio

378 4712 405 4763 Si
423 4710 485 4763 Cato
502 4723 587 4758 versus
605 4707 694 4757 Lucilii
707 4709 837 4757 emendare
851 4715 921 4769 parat
960 4720 1017 4756 nem
1034 4708 1196 4758 Horatiorum
1213 4710 1305 4757 dictum
1323 4711 1367 4766 sit,
1390 4711 1507 4775 recipien-
