3750 5759
378 644 417 705 18
768 643 1121 709 snrrnnrrUM

423 825 534 909 „Nam
558 827 659 893 simul
683 851 720 894 ac
745 852 844 896 venas
869 830 999 896 inflavit
1022 836 1107 896 tetra
1129 831 1249 914 libido,

423 929 499 996 Huc
523 931 654 999 iuvenes
677 956 817 1019 aequum
840 940 891 1001 est
914 936 1122 1019 descendere,
1147 959 1213 1001 nou
1236 935 1361 1001 alienas

423 1035 606 1102 Permolere
629 1042 782 1104 uxores.“
807 1077 849 1086 -
874 1039 1011 1122 „Nolim
1034 1041 1237 1124 laudarier,“
1261 1038 1390 1124 inquit,

423 1137 501 1221 „sie
523 1142 599 1205 me“
623 1140 759 1207 mirator
782 1142 881 1207 cunni
907 1142 1110 1227 Cupiennius
1135 1143 1212 1209 albi.

420 1239 545 1306 Audire
568 1248 618 1308 est
641 1266 756 1329 operae
778 1245 936 1330 pretium,
961 1246 1132 1331 procedere
1155 1252 1241 1313 recbe

422 1343 485 1423 Qui
509 1347 652 1414 moechis
676 1371 743 1414 non
765 1349 884 1433 uritis,
909 1356 948 1415 ut
971 1351 1060 1415 omni
1084 1357 1177 1437 parte
1199 1351 1368 1432 laborent,

374 1487 464 1531 saneta
482 1485 532 1532 uiri
548 1488 675 1535 sententie
690 1489 771 1548 ponit.
796 1487 853 1536 Nisi
867 1489 919 1537 Ho-
962 1486 983 1535 I.
1001 1501 1030 1536 11.
1041 1489 1081 1540 71.
1094 1505 1149 1538 meu
1160 1504 1217 1539 eum
1228 1486 1370 1550 conferbuit
1380 1488 1429 1536 ira.
1447 1485 1519 1535 Mar-

375 1561 467 1609 ratium
489 1562 524 1610 ita
546 1563 726 1628 interpretaris,
748 1566 837 1616 melius
854 1575 919 1616 erat:
962 1566 1013 1616 tial.
1035 1567 1083 1616 IV.
1109 1567 1149 1615 66.
1187 1568 1279 1617 Villica
1304 1568 1342 1616 cel
1367 1569 1427 1625 darre}
1451 1579 1519 1615 com·

375 1641 459 1703 iuquit
481 1646 608 1705 sapientia
632 1648 677 1694 dio
699 1645 810 1695 Catonia.
844 1647 920 1696 Recte
960 1660 1050 1707 pressu
1066 1651 1103 1694 est
1119 1651 1202 1708 ncepta
1218 1647 1296 1694 111111
1325 1646 1441 1694 Incaluit
1456 1659 1519 1707 quo·

373 1721 500 1779 snpientia
521 1724 624 1773 Catonia
643 1727 741 1789 inquit,
762 1740 807 1789 pro
823 1727 921 1790 saliens
963 1726 1011 1774 tier
1027 1726 1117 1774 saucia
1132 1740 1195 1773 vena
1205 1739 1278 1773 utera
1309 1723 1421 1787 Influtit
1432 1725 1520 1782 irata,

375 1796 438 1847 Cato
454 1800 542 1863 inquit.
560 1803 638 1853 Totus
648 1804 711 1856 Cato
724 1813 777 1854 erat
786 1808 920 1869 snpientia,
963 1811 991 1851 ut
1009 1804 1083 1854 Satir.
1101 1804 1137 1853 II.
1155 1818 1173 1852 1.
1189 1803 1230 1853 82.
1265 1803 1386 1852 Sintula
1402 1805 1518 1854 condide-

374 1885 398 1926 et
420 1881 717 1947 appellabaturaaplens,
742 1885 811 1948 qnasi
832 1898 921 1948 cogno
963 1886 1000 1931 rit
1017 1886 1045 1932 iu
1062 1901 1149 1947 quem:
1167 1892 1194 1933 ut
1211 1883 1259 1932 alia
1275 1883 1401 1942 omittam„
1419 1885 1446 1932 in
1460 1885 1517 1948 qui·

375 1958 448 2008 mine.
481 1963 577 2011 Eadem
602 1964 741 2012 coniectura
765 1965 791 2012 in
813 1972 921 2013 mentem
963 1962 1008 2011 bus
1025 1962 1108 2012 brevis
1125 1964 1233 2027 syllaba,
1255 1963 1292 2011 uti
1309 1963 1335 2011 in
1352 1970 1411 2012 nolo
1427 1964 1516 2028 Virgi-

375 2048 476 2088 venerat
484 2041 573 2091 Estreo
587 2042 612 2090 in
622 2044 725 2106 Prosop.
734 2044 821 2093 Horat.
830 2060 855 2108 p.
863 2047 920 2094 255.
962 2041 1036 2092 liano:
1063 2045 1191 2093 Namtibi
1204 2047 1330 2108 Thyatira
1338 2051 1415 2109 caput
1425 2045 1517 2094 Euan·

408 2122 477 2168 Nam
497 2122 574 2170 1111111
594 2137 624 2171 11
640 2138 717 2171 venua
733 2123 836 2187 inflavit
854 2130 921 2173 tetra
962 2124 1035 2172 drius
1043 2125 1147 2172 abstulit
1161 2126 1234 2182 enus,
1251 2124 1401 2187 producitur.
1419 2123 1516 2174 Scribe·

373 2201 455 2250 liuida.
481 2201 531 2250 Vir
547 2202 633 2250 doctus
649 2202 787 2251 coniecerat
804 2210 875 2252 tenta
892 2207 921 2253 li·
962 2197 1517 2254 batanENKINFLAVITIRATAHinc

371 2280 436 2352 bida.
469 2281 597 2331 Bentleius
613 2283 744 2347 vulgatum
761 2291 844 2334 tuetur
861 2286 920 2334 dno
962 2280 1005 2328 illa
1021 2283 1173 2347 corruptela,
1193 2283 1300 2332 librariis
1321 2298 1418 2348 quoque
1434 2290 1518 2334 metro

373 2357 418 2407 bus
440 2361 574 2424 exemplis,
591 2377 643 2412 uno
658 2363 742 2413 Porcii
759 2364 877 2413 Latronis
893 2366 921 2413 in
962 2359 1111 2411 timentibus.

373 2436 474 2488 Catilin.
500 2444 616 2493 adiutore
633 2446 822 2494 teterrinmrunr
839 2448 922 2494 111111-
995 2442 1111 2492 Mirator
1149 2443 1226 2493 cuuni
1261 2442 1419 2504 Cupiennius
1452 2444 1514 2492 albi.

372 2533 446 2576 num;
464 2520 541 2570 altero
557 2523 692 2572 Lactantii:
710 2526 921 2587 (1111111111,
962 2519 1045 2569 Acro:
1062 2521 1233 2586 „Cupiennius
1242 2521 1344 2584 quidam
1355 2527 1453 2570 amator
1461 2535 1514 2570 ma·

372 2613 477 2658 quorun
495 2604 626 2650 teterrima
644 2605 719 2652 libido
736 2605 920 2666 necapitiqui·
962 2606 1090 2648 tronarum
1116 2601 1163 2650 uit:
1190 2601 1235 2649 hoc
1260 2615 1301 2649 me
1324 2601 1422 2650 laudari
1446 2601 1513 2652 nolo.

371 2677 426 2724 darn
441 2682 536 2740 parcit.
570 2681 610 2729 De
635 2681 726 2730 Porcio
745 2683 866 2740 Latrone,
883 2683 920 2731 in·
961 2679 1514 2742 HicfamiliaritateAugusticlarusiuit,cor·

372 2764 429 2819 epto
440 2758 618 2817 declamatore,
636 2760 690 2809 veri
698 2762 815 2811 Latronis
830 2777 921 2811 nomen
962 2759 1028 2821 poris
1050 2760 1090 2808 sui
1106 2760 1211 2823 diligens
1228 2764 1253 2807 et
1269 2765 1373 2807 sectator
1389 2765 1513 2808 matrona-

371 2839 486 2897 mentita‚
508 2839 572 2888 nihil
593 2840 681 2890 dinam,
715 2843 750 2891 Et
767 2841 866 2892 conius
888 2845 920 2892 ad
962 2851 1026 2886 rum.
1051 2837 1122 2887 Alibi
1139 2844 1221 2886 autem
1237 2837 1380 2886 matronalis
1398 2839 1511 2888 dicitur.“

370 2931 423 2980 cap.
443 2920 480 2969 15,
507 2919 557 2967 iam
578 2920 764 2980 animadvertit,
787 2922 862 2970 istum
882 2923 918 2972 10.
962 2916 1011 2964 llla
1027 2920 1090 2966 alibi
1107 2925 1192 2967 autem
1203 2919 1354 2967 niatronulis
1364 2919 1462 2968 dicitur
1472 2933 1512 2967 me

370 3011 427 3045 eum
451 2999 557 3062 exiguae
581 3015 635 3049 esse
659 3001 758 3049 virtutis
779 3003 810 3050 ad
832 3001 919 3049 confir·
962 2998 1069 3060 primum
1085 2998 1257 3055 morabantur,
1274 3001 1299 3044 et
1312 2995 1395 3045 nescio
1409 2999 1509 3060 quidsi-

371 3079 490 3126 mandum
506 3080 605 3127 Horatii
620 3079 710 3127 locum.
736 3081 783 3129 Est
796 3081 918 3129 ineodem
962 3077 1207 3142 gnifieariputabam,
1232 3076 1391 3139 Legendum:
1407 3079 1510 3126 albian-

370 3155 480 3204 Latrone
501 3171 554 3220 cap.
576 3158 618 3206 34.
639 3158 752 3207 rationes
773 3161 841 3208 vitae
857 3174 919 3209 auae
961 3165 1011 3207 tem
1020 3161 1172 3208 matronalis
1179 3156 1277 3205 dieitur.
1300 3155 1387 3205 Sinon
1396 3162 1434 3204 est
1443 3170 1511 3207 error

369 3242 463 3284 ueteres
480 3252 510 3283 aa
526 3238 642 3285 reouaain
652 3239 833 3286 erneitutione
844 3244 917 3287 teler-
960 3236 1131 3296 librariorum,
1147 3244 1185 3287 est
1201 3235 1288 3285 saltem
1305 3235 1498 3298 typothetarum.

366 3317 492 3364 rimarum
509 3317 642 3365 libidinum
663 3317 803 3367 collocatus.
837 3316 918 3367 Credo
995 3319 1133 3367 Procedere
1156 3322 1223 3366 recte
1258 3316 1310 3374 Qut
1334 3318 1441 3366 rnoecbt‘a
1461 3332 1509 3367 non

370 3395 429 3453 ista,
447 3396 527 3459 magis
544 3396 619 3444 etiam
635 3395 773 3456 Lactantii,
789 3411 818 3445 eo
835 3397 918 3448 valere
960 3395 1414 3459 1111111111111111111.
1447 3396 1509 3446 Mei-

368 3482 401 3527 ut
413 3481 481 3525 tetra
498 3477 524 3523 in
541 3476 646 3524 Horatio
660 3477 827 3538 repudiemus.
851 3479 918 3527 Nam
959 3476 1060 3524 nekins:
1078 3476 1212 3536 „Moechoe
1228 3474 1259 3522 ab
1276 3474 1344 3522 omni
1359 3482 1429 3537 parte
1443 3475 1507 3524 labo

367 3553 573 3604 indicantveram
581 3556 917 3619 adiectivisignificationem,
959 3568 1027 3614 rare,
1049 3570 1099 3604 non
1124 3557 1154 3614 ii,
1178 3555 1278 3618 opinor,
1299 3554 1401 3603 docendi
1426 3563 1508 3614 erant,

367 3634 398 3681 dc
415 3649 464 3697 qua
480 3635 520 3683 hic
536 3635 640 3698 cogitari
661 3650 711 3684 non
732 3643 819 3700 potest.
854 3636 917 3687 Cato
959 3633 1001 3695 qui
1024 3634 1111 3683 nolunt
1135 3634 1248 3683 moechoe
1273 3640 1339 3682 ῐθθῐθ
1364 3636 1506 3697 Ρῐθθθᾶθῐθ,

366 3712 493 3761 libidinem
515 3714 662 3772 detestatur,
687 3715 727 3762 cui
751 3714 839 3763 melius
864 3725 917 3765 erat
959 3714 1002 3761 scd
1013 3713 1032 3761 ii
1043 3715 1134 3777 potius,
1146 3714 1189 3777 qui
1201 3714 1285 3761 favent
1295 3713 1403 3762 moechis
1412 3729 1507 3764 eorum·

367 3792 532 3840 adolescentes
554 3792 682 3851 resistere,
698 3795 755 3850 sed,
773 3801 863 3842 natura
879 3797 915 3844 in·
958 3807 1006 3855 que
1028 3808 1141 3842 caussam
1168 3792 1315 3852 defendunt;
1342 3793 1425 3857 itaque
1450 3794 1507 3844 scri·

367 3872 485 3935 erigente,
518 3872 630 3921 resistere
661 3886 710 3920 uon
739 3882 855 3935 possunt,
886 3876 914 3924 il-
957 3881 1044 3936 pturae
1060 3875 1149 3923 vitium
1165 3873 1242 3921 latere
1253 3879 1327 3934 puto,
1345 3886 1441 3921 aecum
1453 3873 1506 3936 plu·

366 3952 411 3999 lud
419 3951 571 4014 simpliciter,
584 3966 640 4015 quo,
655 3957 684 3998 ut
697 3951 754 3999 aiibi
766 3954 825 4002 dicit
835 3957 915 4017 Inita,
957 3953 1014 4009 rimi
1034 3953 1169 4017 optimique
1188 3952 1246 4001 libri
1266 3967 1317 4001 nou
1337 3956 1448 4004 nroeehoa
1464 3955 1506 4002 ha-

365 4035 448 4082 dolent
464 4038 561 4080 nutura
576 4037 672 4093 nepeta.
707 4032 796 4081 Talem
806 4033 915 4087 libidinis
957 4033 1041 4093 beant,
1059 4035 1103 4082 sed
1120 4035 1240 4091 moechia,
1256 4033 1339 4081 nescio
1355 4047 1388 4080 an
1399 4033 1505 4083 seriben-

366 4111 418 4160 vim
440 4111 557 4160 detestari
580 4117 675 4174 poterat
691 4114 816 4162 communi
833 4115 915 4179 aliquo
955 4113 1015 4161 dum
1032 4114 1077 4173 sit;
1093 4113 1224 4175 procedere
1240 4118 1306 4162 recte
1333 4113 1386 4172 Qui
1402 4115 1506 4163 moechis

365 4191 486 4256 epitheto,
502 4190 628 4254 appellans
653 4207 677 4240 v.
702 4206 724 4241 c.
748 4208 860 4253 sacram,
885 4204 914 4246 ut
955 4208 1007 4243 rem
1025 4195 1109 4243 vultu.
1144 4192 1200 4253 Qua
1216 4192 1387 4240 emendatione
1397 4193 1505 4242 admissa

363 4275 507 4320 auriancra
515 4270 608 4334 finires,
622 4270 662 4318 vel
676 4272 831 4324 sceleratam.
847 4277 913 4338 quod
955 4273 1023 4321 locus
1047 4272 1121 4320 etiam
1146 4271 1250 4319 similior
1274 4271 1357 4318 evadit
1380 4271 1505 4320 Ennianis

364 4351 456 4400 ironice
472 4349 671 4414 pronuntiatum,
688 4351 771 4400 minus
781 4352 913 4415 significat,
955 4352 1080 4410 versibus,
1097 4366 1112 4398 a
1129 4350 1266 4400 Scholiasta
1282 4351 1441 4414 comparatis:
1460 4367 1503 4400 au·

363 4446 438 4495 quam
449 4431 560 4478 videtur:
571 4443 622 4477 non
632 4430 667 4478 sic
678 4431 802 4494 appellans
812 4439 913 4484 tetram.
953 4434 1009 4481 dire
1018 4439 1057 4482 est
1066 4449 1155 4496 operae
1164 4433 1288 4497 pretinm,
1298 4432 1430 4493 procedere
1437 4437 1504 4481 recte

363 4510 395 4560 In
417 4511 473 4560 MS.
495 4512 574 4560 Dorv.
596 4510 688 4572 legitur
705 4512 835 4574 inflaverit
851 4519 911 4563 ntra
958 4512 1010 4570 Qui
1026 4528 1079 4561 rem
1098 4515 1240 4562 Rauranum
1255 4512 1503 4573 Lnliurnqueaupes·

363 4593 447 4640 libido.
480 4590 604 4641 Coniicio:
628 4591 697 4640 Nam
718 4592 793 4639 ainzu
815 4607 846 4642 ae
871 4609 910 4642 re·
953 4605 1007 4640 cere
1022 4590 1120 4640 boletar
1154 4590 1219 4640 Mihi
1236 4590 1282 4638 hoc
1297 4598 1349 4637 tarn
1366 4589 1501 4638 verumvi-

361 4685 420 4720 naeu
436 4672 540 4735 infirmit
556 4674 625 4720 irata
643 4673 726 4721 libido.
752 4669 839 4718 Horat.
858 4672 910 4721 Sat.
952 4672 1038 4728 detur,
1056 4678 1096 4732 ut,
1112 4673 1133 4721 si
1150 4672 1265 4720 moechus
1282 4669 1345 4718 sumi
1363 4675 1443 4731 posset
1460 4671 1502 4717 ad-
