3750 5759
808 694 989 759 LIBER
1037 697 1061 760 l.

414 882 466 945 Ex
489 903 523 946 re
542 881 688 967 praeberi
712 887 864 965 sumptus
889 880 971 944 mihi
995 880 1138 946 crederet
1155 881 1239 946 illos

414 985 489 1070 lpse
508 985 591 1049 milri
613 990 722 1050 custos
748 983 1050 1069 incorruptissimus
1076 1006 1188 1050 omnes

414 1088 546 1154 Circum
571 1089 718 1154 doctores
737 1087 857 1153 odoret.
906 1086 993 1166 Quid
1017 1088 1143 1153 multa?
1168 1089 1341 1173 pudicum,

413 1191 477 1272 Qui
499 1191 625 1279 primus
648 1191 781 1257 virtutis
804 1192 926 1273 honos,
956 1191 1099 1257 servavit
1121 1193 1162 1258 ab
1183 1193 1273 1258 omni

414 1298 489 1362 Non
512 1296 620 1362 solum
641 1296 746 1378 facto,
770 1318 883 1360 verum
902 1296 1075 1381 opprobrio
1098 1317 1226 1382 quoque
1249 1297 1353 1381 turpi,
1378 1301 1389 1307 ”

415 1400 483 1465 Nec
505 1400 638 1483 timuit,
661 1400 725 1465 sibi
750 1421 791 1464 ne
811 1399 892 1464 vitio
917 1399 990 1485 quis
1011 1405 1167 1483 verteret,
1192 1400 1272 1465 olim

414 1504 449 1569 Si
473 1526 588 1590 praeco
613 1525 731 1589 parvas
755 1509 830 1584 aut,
855 1506 893 1566 ut
914 1502 980 1567 fuit
1003 1502 1089 1588 ipse,
1114 1507 1242 1569 coactor

369 1621 486 1677 viduae&
513 1619 656 1676 Boudeion,
678 1619 773 1680 siqui,
792 1616 917 1679 (italegit
959 1617 1075 1666 Fortasse
1089 1617 1272 1680 legendnmzin
1282 1625 1507 1682 mopnoatpuero.

369 1713 400 1746 ex
422 1699 497 1750 MSS.
519 1714 564 1762 pro
585 1700 651 1765 quia)
676 1704 706 1747 ot
727 1699 754 1746 in
770 1714 860 1760 uroque
875 1713 917 1760 po·
960 1697 988 1747 Si
1007 1698 1063 1761 quis
1085 1698 1185 1748 vidisset
1208 1706 1302 1747 vestem
1323 1705 1347 1747 ot
1369 1713 1453 1748 servos
1471 1714 1507 1748 se-

368 1780 439 1840 pulc,
466 1779 574 1828 vidisset.
613 1779 713 1828 Laudat
742 1777 832 1826 deiude
857 1777 918 1828 ovi·
959 1786 1075 1840 quantes,
1104 1785 1132 1826 ut
1160 1778 1246 1840 magni
1272 1778 1342 1840 pueri
1369 1779 1508 1828 vestiuntur

369 1858 454 1906 diana:
484 1860 603 1923 Siquis,
625 1858 919 1921 attemperationis
959 1870 1050 1920 eosque
1071 1857 1137 1906 servi
1157 1865 1295 1921 sequuntur
1316 1858 1414 1907 honoris
1431 1866 1456 1909 et
1472 1874 1507 1908 sc-

368 1952 417 1987 non
445 1941 575 1989 immemor
599 1941 660 1988 illic.
702 1935 807 2001 Sulpicii
833 1936 918 1986 Severi
960 1927 1069 1986 curitatis
1082 1953 1180 1996 caussa,
1198 1937 1352 1995 diceret,me
1361 1954 1394 1989 ex
1403 1954 1431 1989 re
1442 1940 1509 1988 avita

369 2017 389 2065 l.
413 2018 454 2067 89.
489 2022 585 2069 Ninive
608 2022 680 2068 amre
700 2021 814 2068 virorum
835 2017 918 2065 attilio
960 2017 994 2065 sic
1020 2017 1116 2077 haberi,
1141 2031 1187 2066 nec
1208 2017 1328 2078 cogitaret
1356 2032 1410 2068 esse
1429 2019 1507 2068 filium

368 2105 467 2147 centum
483 2105 508 2148 et
519 2100 623 2161 niniati,
640 2104 727 2161 atque,
745 2103 774 2145 ut
791 2099 820 2146 in
830 2112 918 2158 arcique
959 2097 1083 2157 libertini,
1100 2098 1167 2146 haud
1184 2098 1219 2146 ita
1235 2097 1325 2146 divitis.

367 2180 472 2241 populo,
488 2181 623 2228 abendune
638 2180 717 2227 vitiis.
741 2176 823 2225 Plura
835 2176 918 2224 huius-
992 2177 1145 2227 Doderlinus
1161 2178 1348 2240 interpretatur:
1373 2177 1509 2239 Venusiae,

369 2257 435 2306 modi
457 2257 570 2307 invenias
595 2258 662 2322 apud
683 2256 771 2306 Heius.
788 2263 813 2304 et
828 2256 917 2306 Burm.
959 2271 1038 2319 parvo
1057 2257 1187 2320 oppidulo,
1209 2272 1294 2306 omnes
1316 2264 1397 2306 meet
1413 2266 1509 2320 patrem

369 2337 400 2384 ad
422 2335 495 2386 Ovid.
516 2337 594 2386 Trist.
612 2339 634 2386 I.
651 2352 668 2386 1.
686 2342 711 2385 et
727 2335 825 2399 ubique.
859 2334 918 2384 Duo
960 2344 1064 2394 norunt,
1091 2339 1198 2395 Romae,
1224 2353 1317 2401 magna
1336 2338 1410 2397 urbe,
1434 2353 1508 2387 nemo

368 2417 484 2480 exempla
500 2417 566 2480 apud
582 2417 716 2465 Heinsium
732 2415 837 2478 excipio,
853 2429 917 2479 quae
960 2431 1000 2465 me
1021 2417 1105 2477 novit,
1131 2432 1204 2466 nemo
1225 2425 1321 2480 patrem
1340 2432 1439 2474 meum,
1464 2419 1508 2481 qui

368 2503 485 2559 corrupta
505 2504 570 2545 snut.
604 2495 739 2557 Quaeritur
760 2495 820 2558 qnid
842 2495 917 2558 signi-
960 2510 1013 2553 me,
1029 2498 1100 2560 quasi
1116 2505 1181 2546 osset
1197 2499 1354 2561 paedagogus
1366 2505 1410 2545 aut
1424 2512 1508 2560 capsa·

370 2574 426 2625 ficet
443 2583 473 2625 at
490 2579 517 2624 in
533 2580 633 2640 pupulo.
662 2575 793 2638 Significat
804 2582 917 2637 respectu
959 2575 1024 2633 rius,
1050 2578 1173 2641 sequitur:
1201 2578 1243 2640 qui
1267 2593 1308 2627 me
1333 2579 1418 2626 vident
1443 2578 1508 2627 inter

367 2659 468 2718 populi,
483 2672 532 2719 pro
549 2658 691 2706 conditione
707 2657 809 2717 pepuli,
829 2661 858 2702 ct
866 2656 918 2717 fit,
959 2671 1064 2718 magnos
1085 2672 1188 2721 pucros,
1205 2672 1346 2721 eorumque
1366 2666 1460 2707 restem
1482 2666 1507 2707 et

362 2735 424 2797 fieri
444 2738 521 2795 solet,
545 2737 623 2784 aliter
639 2735 703 2798 fleri
722 2749 771 2782 uon
787 2741 869 2796 potest
890 2737 917 2783 in
959 2737 1103 2786 comitatum
1114 2737 1324 2799 contemplantur,
1341 2752 1381 2786 me
1397 2739 1505 2788 ciusdem

366 2818 470 2878 popule:
495 2815 559 2864 adde
584 2831 686 2877 niceno,
713 2821 750 2862 est
774 2816 802 2862 in
825 2816 917 2875 populo
960 2816 1106 2866 conditionis
1123 2830 1176 2865 esse
1192 2817 1302 2865 creduut.

369 2912 473 2958 irrapnce
497 2895 686 2953 rrrnltitudinis,
710 2892 805 2940 illustri
830 2899 854 2940 et
874 2907 916 2956 po·
993 2897 1055 2959 Ipse
1079 2898 1141 2945 irriti
1162 2902 1244 2946 custos
1263 2897 1506 2958 incorruptissimus.

368 2976 442 3031 tenti,
464 2981 494 3022 nt
515 2974 600 3023 Plaut.
622 2972 724 3021 Trucnl.
747 2973 768 3020 I.
791 2986 808 3019 r.
826 2972 866 3020 55.
887 2973 918 3021 de
960 2974 1157 3024 Commentator:
1175 2976 1247 3035 „Hoc
1262 2975 1289 3024 in
1304 2990 1346 3024 eos
1357 2977 1506 3040 dictumest,

370 3055 488 3104 Romanis
506 3055 630 3117 cogitans,
647 3061 780 3116 utrumque
797 3053 844 3101 hoc
860 3067 916 3101 con-
959 3055 1002 3118 qui
1026 3055 1164 3115 interdum,
1189 3064 1217 3106 ut
1241 3057 1400 3106 luxurientur
1423 3057 1507 3120 pueri,

369 3134 479 3183 iunxisse
495 3134 605 3184 ridetur:
623 3136 651 3180 in
667 3148 757 3196 nnumin
772 3134 874 3195 populo,
889 3133 917 3180 in
959 3134 1030 3182 donis
1047 3136 1148 3184 student
1169 3123 1326 3201 corrumpere
1346 3153 1402 3186 suos
1418 3139 1506 3202 paeda-

368 3217 458 3263 multis
475 3215 620 3265 hominibus.
654 3212 735 3259 Locus
745 3209 845 3260 Horatii
856 3210 918 3259 adeo
960 3218 1062 3276 gogos.“
1087 3216 1176 3280 Longe
1193 3218 1293 3277 melius,
1310 3220 1376 3282 qnod
1387 3219 1507 3268 Horatius

368 3293 529 3356 explicandus
546 3300 595 3341 est:
613 3291 634 3338 si
651 3290 693 3353 qui
711 3291 812 3338 vidisset
824 3298 918 3339 venem
960 3292 1051 3351 voluit,
1076 3295 1112 3343 sic
1135 3297 1331 3359 exprimeretur:
1359 3301 1420 3360 Ipse
1445 3301 1508 3347 arilei

368 3389 502 3438 servosque
518 3379 661 3436 sequentes,
683 3377 711 3418 ut
728 3370 794 3419 servi
811 3384 917 3433 sequun-
959 3378 1042 3420 custos
1058 3376 1206 3438 incorrupto
1222 3380 1338 3439 optimas.
1363 3380 1420 3441 Quo
1433 3394 1506 3428 sensu

368 3462 408 3502 tur
425 3467 531 3516 puerum
548 3451 575 3499 in
591 3465 683 3513 magno
700 3449 804 3513 populo,
822 3449 877 3508 vel,
896 3451 918 3498 si
959 3451 1123 3515 incorruptus
1148 3454 1316 3518 accipiendum
1341 3457 1384 3516 sit,
1406 3468 1508 3521 apparet

365 3533 422 3596 ¹quis
445 3541 539 3581 vestem
561 3538 586 3580 et
607 3544 690 3580 servos
710 3529 825 3586 vidisset,
844 3537 873 3577 ut
889 3529 918 3578 fit
960 3547 992 3580 ex
1008 3547 1044 3597 sq.
1059 3536 1181 3597 pudicum
1194 3538 1311 3584 cacavit.
1345 3538 1464 3586 Horatius
1481 3539 1507 3586 in

367 3614 394 3661 in
416 3626 508 3675 magno
531 3611 637 3674 populo,
658 3610 702 3673 qni
719 3608 780 3658 talia
795 3608 917 3657 observat.
960 3613 1055 3661 scholas
1077 3612 1191 3662 veniebat
1212 3614 1381 3679 incorruptus,
1399 3618 1507 3666 incorru-

367 3693 492 3742 Neutrum
525 3692 585 3740 satis
600 3732 603 3735 .
619 3690 776 3754 perspicuum
809 3688 917 3738 videtur.
959 3699 1016 3754 ptus
1028 3693 1119 3742 exibat.
1145 3695 1274 3756 Quantum
1285 3696 1422 3758 pericnlum
1433 3713 1506 3762 saepe

367 3773 493 3821 Buxterus
513 3773 635 3834 populum
657 3770 688 3817 dc
711 3770 840 3831 republica
856 3769 918 3816 acci·
959 3772 984 3819 in
1001 3772 1067 3820 ludis
1083 3773 1197 3823 literariis
1211 3774 1342 3839 pudicitiae
1359 3777 1507 3837 immineret,

367 3852 417 3914 pit,
439 3851 565 3901 Gosnerns
587 3850 777 3912 interpretatur:
803 3848 845 3906 „in
866 3863 918 3896 ma·
959 3851 1075 3900 discimus
1087 3867 1120 3901 cx
1131 3854 1260 3914 Iuvenale,
1271 3855 1397 3914 Petronio,
1408 3864 1507 3906 anctore

367 3945 431 3993 gna,
447 3931 528 3995 qualis
544 3931 640 3979 Romae
650 3942 704 3977 esse
715 3927 777 3976 solet
788 3926 917 3975 hominnm
958 3931 989 3978 de
1001 3929 1102 3980 Caussis
1119 3943 1250 3999 corruptae
1265 3937 1436 4001 Eloquentiae,
1445 3938 1506 3987 aliis.

366 4011 453 4068 turba,
483 4025 509 4058 sc
531 4017 615 4058 tamen
640 4007 799 4070 conspicuum
817 4005 917 4055 fuisse.“
959 4010 1009 4059 Res
1026 4011 1118 4074 optime
1134 4012 1274 4063 illustratur
1292 4032 1325 4066 ex
1342 4018 1461 4068 Suetonio
1476 4018 1507 4066 de

369 4090 419 4139 Sed
441 4097 522 4137 vestes
543 4095 568 4136 et
590 4087 656 4136 servi
677 4091 807 4149 sequentes
830 4100 917 4149 puero·
958 4089 1054 4139 Illustr.
1072 4091 1210 4143 Grammat.
1228 4094 1267 4144 2³.
1303 4099 1435 4146 Reurmias
1449 4101 1503 4145 Pa.

367 4185 424 4218 mm
447 4167 566 4216 ”Offilium
589 4165 699 4231 <l¹¹⁰iiffi⁰
721 4165 830 4228 ⁰⁰¹¹⁸Pi⁰i
849 4172 916 4229 1³⁰oe-
958 4171 1054 4218 loemmr
1071 4173 1174 4221 herilem
1183 4173 1272 4235 filium
1292 4178 1353 4224 dum
1369 4179 1507 4226 comitatur

366 4258 430 4298 rant.
465 4248 593 4311 Singulari
618 4247 717 4310 quidem
739 4245 870 4309 splendore
893 4253 917 4294 et
958 4250 1112 4310 insciolus,
1129 4254 1219 4303 literas
1235 4257 1337 4306 didicit:
1354 4261 1441 4319 posteo
1454 4272 1506 4305 mu-

367 4329 460 4393 insigni
478 4327 560 4385 cultu,
583 4326 711 4375 insolitum
732 4339 862 4375 servorum
879 4339 916 4373 co·
958 4330 1099 4388 namucus,
1125 4333 1210 4381 docnt
1227 4335 1335 4395 Romae,
1361 4349 1392 4384 ae
1409 4336 1506 4397 prinei.

367 4409 483 4458 mitatum
506 4424 558 4458 esse
576 4407 695 4472 oportuit,
718 4408 739 4455 si
756 4422 819 4470 puer
836 4407 916 4456 Hora·
955 4410 1014 4473 pem
1031 4412 1111 4460 locum
1128 4413 1196 4460 inter
1210 4413 1398 4464 Grammaticos
1411 4418 1506 4473 tenuit,

367 4492 415 4539 tius
432 4505 477 4539 ora
494 4490 543 4537 hnc
560 4497 584 4537 et
602 4488 662 4536 illuc
679 4487 873 4536 commeantium
889 4487 914 4534 in
957 4504 1110 4551 quamquam
1126 4490 1233 4553 infamia
1245 4495 1360 4543 cornibus
1370 4496 1450 4553 vitiis,
1460 4512 1506 4559 po·

366 4585 392 4618 so
419 4577 531 4618 verteret.
566 4569 631 4617 Tam
656 4568 725 4615 dives
749 4573 775 4615 ct
797 4567 916 4630 pecuniae
958 4570 1056 4631 lotaque
1077 4571 1176 4620 Tiberio
1192 4577 1217 4620 et
1232 4587 1290 4621 own
1311 4573 1420 4625 Claudio
1432 4592 1506 4638 proe-

367 4649 498 4711 nogligens
528 4654 598 4711 pater
625 4647 754 4695 libertinus
780 4661 830 4693 non
856 4656 914 4695 crat.
957 4648 1109 4707 dicentibus,
1121 4653 1214 4699 nerrriai
1224 4653 1310 4702 minus
1320 4654 1507 4706 institutionem

367 4726 462 4780 Omitto
487 4728 547 4777 ulias
570 4726 674 4775 aliorum
695 4727 915 4789 interpretationes.
955 4743 1092 4789 priorarum
1106 4733 1144 4780 vel
1156 4733 1272 4782 iuvenum
1286 4736 1495 4784 conrasittendam.
