3750 5759
811 679 995 744 LIBER
1041 679 1084 743 Il.

418 870 615 937 stultitiane
638 874 738 951 erret,
764 866 907 931 nihilum
932 866 1087 949 distabit,
1112 889 1154 932 an
1178 867 1233 932 ira.

415 974 505 1039 Aiax
528 995 630 1060 quum
653 971 835 1036 immeritos
859 969 996 1052 occidit,
1022 970 1158 1056 desipit,
1183 993 1303 1057 agnos3

417 1078 528 1158 Quum
551 1078 694 1163 prudens
719 1075 825 1141 scelus
849 1075 890 1140 ob
914 1074 1031 1139 titulos
1056 1075 1205 1140 admittis
1229 1075 1361 1160 inanes,

417 1181 493 1247 Stes
509 1182 639 1247 animo?
656 1185 689 1245 et
700 1201 819 1265 purum
832 1184 883 1244 est
894 1177 977 1243 vitio
988 1177 1060 1262 tibi,
1072 1201 1174 1264 quum
1187 1178 1352 1244 tumidum
1365 1185 1426 1264 est,
1439 1183 1511 1246 cor?

417 1284 454 1350 Si
477 1285 550 1370 quis
575 1284 692 1350 lectica
714 1283 855 1347 nitidam
878 1286 1008 1367 gestare
1031 1287 1120 1348 amet
1142 1305 1281 1369 agnam,

416 1389 505 1455 Huic
528 1393 654 1455 vestem
677 1392 715 1453 ut
737 1392 859 1472 gnatae
881 1391 989 1471 paret,
1015 1386 1151 1453 ancillas
1175 1393 1284 1473 paret,
1309 1410 1442 1472 aurum,

416 1492 538 1557 Rufum
563 1498 621 1557 aut
644 1491 806 1556 Pusillam
830 1488 991 1574 appellet,
1016 1489 1157 1575 fortique
1180 1492 1298 1556 marito

416 1596 571 1661 Destinet
593 1617 742 1672 uxorem3
767 1592 941 1658 interdicto
964 1593 1041 1658 huic
1064 1615 1160 1659 omne
1183 1593 1309 1659 adimat
1330 1595 1382 1660 ius

416 1699 568 1783 Praetor,
593 1698 691 1764 etad
714 1719 811 1763 sanos
835 1697 931 1762 abeat
954 1697 1059 1762 tutela
1080 1698 1296 1783 propinquos:

417 1801 522 1887 Quid,
547 1803 576 1868 si
599 1803 673 1888 quis
688 1808 826 1888 gustam
848 1822 907 1887 pro
930 1806 1024 1866 muta
1047 1801 1185 1867 devovet
1207 1824 1312 1888 agna,

416 1905 549 1992 Integer
572 1911 623 1972 est
645 1906 770 1971 animi?
816 1905 867 1971 Ne
890 1904 1021 1970 dixeris.
1071 1904 1159 1990 Ergo
1183 1906 1241 1970 ubi
1263 1929 1364 1993 prava

417 2009 587 2094 Stultitia,
612 2010 666 2075 hie
690 2032 820 2075 summa
843 2013 894 2074 est
916 2008 1064 2088 insania3
1089 2009 1145 2094 qui
1169 2010 1361 2095 sceleratuS,

417 2113 463 2178 Et
485 2114 628 2180 furiosus
653 2114 733 2192 erit3
759 2135 856 2199 quem
880 2112 968 2197 cepit
990 2113 1094 2178 vitrea
1117 2112 1222 2197 fama,

416 2217 514 2282 Hunc
538 2217 773 2283 circumtonuit
794 2216 942 2302 gaudens
969 2215 1110 2281 Bellona
1133 2217 1285 2284 eruentis.

363 2402 443 2456 eaput
460 2395 568 2457 agitatur
588 2402 617 2444 ut
638 2410 708 2444 mare
729 2398 919 2444 tumultuosam.
961 2393 1011 2456 leg.
1035 2395 1144 2457 Opiane.
1178 2396 1255 2445 Poen.
1274 2396 1295 2445 Ι.
1313 2410 1340 2445 rr.
1361 2398 1414 2448 142.
1449 2402 1508 2449 Iam

366 2473 444 2524 Cous.
470 2476 603 2525 Ruhnken.
620 2477 651 2524 ad
676 2475 744 2525 vell.
768 2477 866 2526 Patere.
883 2476 919 2524 Π.
961 2475 1042 2523 hercle
1059 2479 1087 2522 ta
1102 2475 1208 2536 peristi,
1225 2477 1277 2524 nisi
1293 2478 1365 2526 illan
1382 2481 1508 2529 nubitum

365 2553 410 2604 79.
447 2557 517 2604 Dana
542 2557 610 2604 inter
635 2558 721 2605 dacem
742 2562 767 2604 et
782 2557 920 2619 supplicem
961 2554 1127 2615 tranquillant
1148 2552 1219 2615 facab
1263 2557 1347 2614 Quam
1375 2574 1445 2608 mare
1471 2567 1510 2610 est

367 2634 920 2698 tumultuatumquisignificationemtamal-
961 2635 1035 2693 alint,
1063 2649 1119 2682 enni
1147 2635 1184 2682 ibt
1208 2637 1291 2684 alcedo
1316 2639 1400 2698 pallos
1426 2642 1510 2690 educit

367 2718 413 2760 tas
429 2714 529 2776 egregie
544 2714 659 2763 illustrat.
960 2727 1026 2763 sace.
1059 2713 1090 2761 In
1116 2713 1270 2761 Mostellaria
1291 2714 1425 2778 legendum
1442 2720 1508 2768 vide·

402 2792 553 2841 Doderlinus
565 2792 651 2842 laudat
661 2793 778 2843 Blandin.
790 2794 852 2844 Cod.
862 2795 919 2842 scri·
961 2799 1014 2840 tur:
1035 2794 1100 2841 Tam
1114 2794 1220 2854 placida
1237 2798 1286 2852 est,
1299 2809 1375 2855 qaam
1385 2802 1423 2844 est
1434 2813 1507 2860 aqna.

367 2878 483 2935 pturam,
500 2887 604 2937 eamque
629 2874 664 2921 sic
689 2873 802 2936 exponit:
820 2880 861 2933 „et
885 2874 919 2931 is,
962 2873 1062 2921 Terent.
1079 2871 1188 2934 Adelph.
1205 2871 1254 2921 IV.
1271 2887 1288 2920 1.
1309 2873 1346 2922 18.
1363 2890 1440 2937 qaam
1451 2877 1507 2940 fer-

368 2951 413 3014 qui
429 2951 522 3014 species
539 2953 600 3000 alias
617 2967 690 3016 quam
708 2967 779 3001 veras
796 2953 920 3017 capiet,et
960 2957 1000 3001 vet
1025 2954 1145 3010 manime,
1183 2953 1246 3000 Tam
1272 2951 1402 3013 placidam
1432 2971 1507 3018 qnam

368 3028 426 3087 ille,
447 3031 490 3093 qui
510 3031 602 3093 species
623 3031 722 3080 sceleris
739 3032 850 3080 tumultu
866 3046 919 3094 pcr-
960 3046 1027 3079 mena
1044 3033 1126 3081 radda.

369 3108 461 3157 mixtas
486 3111 578 3174 capiet,
603 3117 708 3175 uterque
724 3119 860 3160 commotus
877 3112 918 3160 vel
993 3113 1037 3159 Ad
1052 3126 1127 3160 sanos
1150 3113 1224 3159 abeat
1248 3114 1328 3160 tutela
1346 3116 1507 3178 propinquos.

368 3188 471 3237 insanus
488 3190 542 3237 erit.
576 3191 722 3238 Habebitne
738 3205 789 3238 non
805 3191 918 3239 estidem
960 3190 1007 3239 Hic
1022 3190 1094 3238 abeat
1110 3190 1201 3251 tutela,
1227 3191 1279 3252 ipse
1303 3199 1341 3240 est
1364 3193 1454 3254 tutela,
1479 3204 1507 3245 ut

370 3270 434 3330 quod
449 3272 599 3332 putabitur,
616 3269 660 3316 sed
676 3284 763 3318 revera
779 3272 853 3318 erit.“
959 3269 1072 3333 Propert.
1090 3270 1138 3318 IV.
1160 3285 1218 3318 vnr.
1241 3272 1264 3318 3.
1299 3273 1442 3321 Lanae-lant
1464 3291 1506 3323 an-

403 3350 479 3398 Forta'
495 3349 594 3396 manto.
628 3349 828 3411 Interpretantur
849 3365 918 3410 pene-
958 3352 1012 3398 nan'
1036 3355 1109 3397 aetas
1134 3354 1172 3396 eat
1197 3350 1279 3396 tutela
1305 3349 1440 3400 Draconis.
1465 3354 1507 3402 nbi

370 3442 455 3476 rosam
471 3433 496 3476 et
514 3429 677 3486 honoratam,
702 3435 727 3476 et
744 3428 819 3478 Satir.
837 3428 872 3478 ΙΙ,
891 3444 918 3479 v.
959 3430 1047 3478 Burm.
1064 3428 1112 3476 alia
1128 3427 1218 3477 attulit.
1248 3426 1295 3476 Ille
1317 3432 1402 3488 abeat,
1424 3440 1453 3479 ut
1469 3449 1505 3482 vs.

369 3507 408 3554 64.
420 3506 492 3569 farti
507 3509 583 3554 nabet
597 3522 703 3568 procera
726 3507 825 3556 Corano
850 3510 919 3557 Filia
958 3509 1015 3557 246.
1032 3523 1150 3571 quartam
1167 3506 1279 3556 arbeant?

373 3587 494 3635 Nasicae:
520 3593 649 3634 strenuum
666 3587 783 3648 militem,
805 3596 828 3636 ot
850 3589 918 3651 inge·
992 3589 1073 3636 Hane
1089 3589 1269 3637 circumtonuit
1278 3589 1387 3649 antidana
1398 3589 1506 3638 Bellona

369 3664 410 3712 nio
427 3671 569 3729 promptum
586 3674 611 3714 et
626 3667 739 3717 liberum.
775 3666 856 3717 Credo
861 3668 918 3728 sor·
959 3669 1077 3717 canentis.
1121 3666 1255 3730 Accipiunt
1286 3681 1331 3730 pro
1368 3669 1507 3717 hairtinibas

369 3749 418 3793 tem
434 3746 552 3794 maritum
570 3760 688 3794 essenon
713 3749 822 3806 mollem,
847 3747 918 3796 robu-
960 3750 1085 3806 cruentis,
1117 3746 1277 3796 bellatoribus
1302 3744 1342 3793 vel
1370 3746 1505 3797 cultoribus

369 3829 450 3884 stum,
467 3832 495 3872 ut
511 3824 581 3873 sortis
598 3825 687 3873 dicitur
703 3826 813 3889 agricola
824 3828 918 3877 Tibull.
958 3827 1083 3884 Bellonae,
1101 3829 1143 3892 qui
1160 3828 1207 3876 sibi
1223 3828 1327 3876 lacertos
1349 3834 1373 3876 et
1390 3828 1505 3876 humeros

369 3901 442 3953 1111.
457 3903 495 3953 14¹.
520 3904 595 3967 Virg.
607 3905 699 3968 Georg.
712 3905 762 3954 ΙΙΙ.
774 3907 831 3956 288.
859 3907 918 3957 Sive
958 3909 1103 3968 concidunt,
1125 3908 1165 3956 vel
1181 3911 1254 3956 rebat
1270 3910 1390 3964 ornatu,
1410 3923 1504 3956 cruore.

361 3983 450 4044 fortia,
458 3986 530 4043 hinc,
546 3985 600 4033 sive
617 4001 632 4032 a
646 3988 740 4047 praelio
757 3988 788 4034 ad
801 3988 918 4036 maritum
959 3987 1111 4051 Requiritur,
1128 3995 1201 4051 puto,
1219 3988 1318 4051 aliquid,
1335 4002 1384 4050 quo
1400 3985 1506 4034 Bellona

368 4065 527 4123 transfertur,
553 4065 632 4128 qualis
657 4066 802 4129 metaphora
822 4081 854 4114 ex
871 4069 917 4116 Pe·
959 4081 1017 4115 eum
1042 4068 1223 4117 circumtonuit.
1257 4067 1325 4129 Quid
1351 4074 1435 4114 autem
1457 4068 1504 4115 cir·

368 4146 448 4192 trunio
456 4151 518 4193 nota
526 4151 569 4202 eat,
582 4147 692 4192 naaritas
696 4145 779 4208 fortis
786 4143 867 4208 lepide
876 4162 917 4210 op·
959 4149 1114 4196 cnmtanaa't?
1146 4147 1354 4208 Interpretantur,
1375 4146 1505 4193 circumto-

369 4223 468 4284 pouitur
484 4223 833 4287 upanaanimalculotenero.
851 4227 918 4276 Hinc
958 4226 1013 4275 nuit
1042 4226 1103 4274 tuba
1133 4224 1213 4273 bellici
1243 4225 1347 4282 furoris,
1373 4225 1504 4272 attonitum

368 4303 494 4352 emendem
520 4303 602 4351 Plaut.
629 4303 704 4351 Most.
731 4303 781 4352 III.
806 4319 834 4352 11.
863 4284 917 4355 16'5.
959 4305 1133 4370 ἐμβρόντητον
1150 4303 1221 4361 lacit,
1239 4303 1418 4357 circumtonare
1434 4304 1505 4358 solet,

371 4383 434 4430 Tam
449 4384 554 4445 placida
571 4389 620 4441 eat,
637 4398 713 4444 qaam
730 4388 769 4430 est
785 4399 860 4445 aqna.
889 4385 918 4435 Si
958 4385 1017 4442 Fac,
1034 4386 1143 4432 Bellona
1162 4383 1243 4431 torruit
1262 4385 1356 4432 circam
1377 4384 1444 4432 bunc
1455 4398 1503 4431 non

368 4461 473 4511 Plautus
487 4478 579 4524 aquam
591 4469 730 4525 comparat,
739 4462 806 4510 addit
815 4462 916 4527 aliquid,
958 4463 1057 4512 differre
1074 4479 1089 4510 a
1101 4461 1171 4510 solito
1184 4463 1293 4510 Bellona
1305 4463 1371 4510 banc
1382 4465 1504 4521 attonuit,

368 4557 416 4604 quo
434 4558 501 4604 aquia
514 4556 567 4589 esse
577 4543 678 4603 placida
691 4539 845 4604 intelligitur.
863 4541 917 4591 Mil.
957 4559 1008 4593 non
1024 4541 1151 4605 perspicue
1168 4541 1226 4588 satis
1244 4554 1276 4588 ex
1292 4542 1403 4603 pandimus
1417 4556 1504 4591 ornen-

369 4620 438 4670 Glor.
457 4621 596 4673 111.1.70.
634 4621 788 4681 enucleat?
801 4624 918 4671 leniorne
958 4621 1163 4684 cointelligitur
1187 4619 1504 4668 messanatioussacerdo-

367 4702 432 4751 dicet
471 4717 547 4764 quant
572 4707 671 4749 mattam
696 4706 733 4748 est
758 4716 834 4750 arare.
869 4702 917 4751 Ubi
957 4711 1024 4760 turn,
1041 4701 1084 4765 qni
1106 4715 1133 4750 se
1155 4698 1323 4749 cruentabant.
1357 4701 1415 4749 Non
1432 4702 1505 4750 credo
