3750 5759
373 696 437 762 150
760 694 1111 761 SATIRARUM

416 883 460 948 Di
481 882 597 949 melius
621 882 732 948 fecere.
780 882 869 948 Bene
896 889 964 948 est:
983 882 1031 947 nil
1053 881 1195 967 amplius
1225 902 1297 962 oro,

415 985 504 1051 Maia
524 993 621 1069 nate,
644 985 709 1052 nisi
727 991 766 1050 ut
787 985 917 1072 propria
941 987 1019 1052 haec
1042 986 1125 1050 mihi
1150 1007 1285 1051 munera
1303 983 1398 1050 faxis.

416 1091 452 1157 Si
471 1112 576 1176 neque
596 1089 752 1155 maiorem
772 1090 834 1156 feci
866 1091 992 1156 ratione
1012 1092 1100 1156 mala
1121 1112 1208 1172 rem,

414 1194 482 1260 Nec
504 1217 578 1260 sum
601 1195 747 1260 facturus
769 1195 851 1260 vitio
871 1195 1007 1281 culpave
1031 1195 1211 1276 minorem,

417 1298 453 1364 si
469 1319 603 1364 veneror
626 1299 748 1364 stultus
773 1299 858 1363 nihil
882 1299 1016 1364 horum:
1038 1297 1089 1381 „O
1114 1297 1142 1363 si
1167 1295 1308 1381 angulus
1331 1294 1389 1361 ille

415 1401 589 1468 Proximus
612 1402 761 1485 accedat,
783 1401 839 1487 qui
862 1425 949 1468 nunc
972 1402 1143 1467 denormat
1162 1398 1322 1485 agellum!

415 1503 443 1571 Ο
466 1504 495 1569 si
517 1527 633 1571 urnam
651 1506 779 1592 argenti
809 1506 875 1571 fors
898 1506 1084 1591 quaemihi
1109 1508 1287 1586 monstret,
1305 1505 1343 1566 ut
1362 1498 1432 1580 illi,

413 1608 574 1674 Thesauro
596 1608 729 1674 invento
756 1608 812 1694 qui
825 1609 1041 1675 mercenarius
1065 1631 1181 1694 agrum

414 1711 515 1776 illurn
540 1713 650 1798 ipsum
672 1719 833 1779 mercatus
857 1715 982 1797 aravit,
1007 1714 1097 1780 dives
1120 1713 1225 1779 amico

396 1856 522 1905 Maiorem
524 1855 580 1920 jeci
587 1859 686 1905 ratione
694 1858 764 1905 mola
771 1873 831 1907 resa.
840 1857 916 1906 Plau·
957 1873 1049 1907 arnam
1060 1859 1160 1921 arpenti
1171 1873 1222 1920 qao
1232 1857 1295 1905 mihi
1305 1867 1360 1903 sors
1368 1855 1501 1901 rnomtret.

369 1943 409 1985 tus
423 1936 526 1985 Meroat.
553 1936 575 1985 Ι.
588 1951 606 1984 1.
620 1936 660 1985 56.
684 1938 819 1985 Rationem
839 1938 916 2000 pessi·
957 1938 1088 1987 Interiecta
1104 1953 1196 1986 arram
1212 1935 1311 1998 arpenti
1326 1929 1505 1994 impedimento

368 2031 436 2065 mom
444 2027 507 2076 ease5
517 2031 554 2075 eo,
562 2031 626 2079 quoe
636 2017 709 2077 ipsus
720 2018 816 2078 optima
824 2017 916 2065 Omnes
957 2019 1037 2078 fuere,
1065 2018 1197 2082 quominus
1220 2028 1280 2064 vera
1302 2012 1426 2074 scriptura
1450 2022 1504 2056 ser·

368 2097 610 2144 loboresiaaeniaset
629 2095 766 2159 perferens.
784 2095 836 2144 Ubi
850 2110 915 2144 oom-
956 2106 1064 2147 veretur.
1097 2098 1180 2147 Plana
1205 2095 1272 2144 enim
1294 2097 1353 2141 sunt
1373 2097 1398 2139 et
1415 2086 1499 2138 solita:

368 2182 471 2239 parant,
486 2175 551 2238 quod
565 2174 662 2224 Plinius
674 2175 704 2223 de
720 2174 821 2223 Metello
837 2175 913 2229 dixit:
959 2179 1085 2240 Oa'qua
1100 2179 1163 2240 mihi
1178 2190 1233 2225 cora
1254 2175 1392 2229 monstret,·
1417 2175 1457 2225 ut,
1480 2171 1505 2217 at

368 2271 485 2319 moenam
498 2258 632 2319 pecaniam
649 2257 709 2304 bono
725 2258 795 2304 modo
810 2257 913 2305 invenit.
955 2259 1012 2319 qaia
1023 2260 1085 2306 milri
1097 2260 1181 2314 Deua,
1197 2255 1218 2303 si
1227 2253 1266 2312 τίς
1276 2271 1319 2317 μοι
1331 2252 1394 2311 θεός.
1412 2253 1503 2302 Horat.

405 2336 574 2384 Oriamom
591 2336 690 2396 arpenti
700 2334 836 2398 fasceae
852 2337 914 2384 mibi
955 2336 1030 2387 Satir.
1051 2336 1087 2385 ΙΙ.
1114 2349 1164 2383 vn.
1186 2334 1227 2383 25.
1261 2333 1292 2382 Si
1313 2334 1368 2396 qua
1392 2334 1429 2380 ad
1450 2335 1504 2381 isto

368 2421 498 2464 mmcatret.
540 2414 634 2463 Variae
667 2414 800 2477 scripturae
827 2414 911 2463 ferun-
957 2420 1028 2466 Deas
1044 2418 1125 2465 tradito
1141 2422 1164 2463 te
1182 2419 1249 2477 opat.

369 2502 419 2555 tur,
436 2495 486 2544 fors
502 2510 578 2557 qaae,
601 2495 651 2542 fors
668 2510 759 2558 quam,
781 2494 831 2542 fors
847 2513 911 2558 qua:
986 2496 1149 2546 Doderlinus:
1174 2496 1250 2559 „fors
1274 2509 1325 2557 qao
1341 2492 1449 2540 multum
1475 2505 1504 2541 se

369 2591 445 2638 qaam
466 2581 503 2623 est
519 2576 642 2636 aliamne,
665 2589 729 2636 qaae
749 2580 774 2621 et
789 2590 840 2636 quo
857 2589 912 2623 cen·
954 2578 1121 2634 commendat,
1145 2590 1196 2624 non
1220 2581 1249 2623 ut
1274 2576 1361 2636 aliquo
1385 2573 1500 2628 ratane,

368 2656 413 2705 ties
430 2656 558 2704 inhaere
578 2653 770 2702 melunduntur.
804 2655 835 2704 In
856 2656 911 2717 poti·
953 2658 996 2705 sed
1012 2663 1041 2705 ut
1057 2659 1157 2706 alicubi.
1195 2655 1261 2705 Nam
1285 2655 1387 2715 aquae
1411 2665 1456 2714 pro
1478 2653 1503 2700 si

368 2737 400 2785 tis
417 2736 491 2784 metri
510 2735 554 2784 lex
570 2748 642 2796 saepe
663 2733 769 2781 ostendit
785 2733 849 2781 sitne
853 2736 913 2796 fora
953 2753 1004 2800 qua
1020 2736 1147 2784 insolitum
1164 2741 1212 2793 est,
1230 2749 1258 2782 ac
1274 2732 1378 2780 fortasse
1388 2745 1439 2778 non
1449 2730 1501 2779 La·

367 2833 417 2880 praa
434 2816 484 2864 fors
500 2816 600 2877 aitqua,
616 2815 752 2875 quaedam,
769 2827 801 2859 an
811 2829 910 2876 quara·
952 2817 1046 2874 tinum,
1063 2816 1093 2863 ab
1110 2815 1215 2864 Horatio
1232 2819 1298 2862 certe
1310 2827 1359 2860 non
1370 2811 1500 2860 usitatum.

368 2897 442 2946 tione.
459 2894 509 2945 Hic
524 2909 554 2942 ea
568 2892 611 2941 lex
622 2892 730 2955 postulat
744 2895 911 2954 oneratione,
953 2896 1040 2960 Neque
1052 2899 1114 2944 Fors
1123 2895 1234 2942 additum
1247 2895 1334 2955 atiquo
1345 2892 1502 2952 desiderare,

368 2976 410 3024 vel
431 2990 497 3038 qaae
522 2972 670 3022 sumendum
694 2985 739 3033 pro
766 2989 829 3034 qao,
851 2988 912 3035 qao·
952 2990 1029 3038 quum
1046 2975 1087 3023 hic
1102 2974 1272 3022 consideretur
1288 2979 1317 3020 ut
1334 2974 1404 3028 Deo,
1424 2987 1500 3035 quarn

369 3057 442 3112 dom,
458 3054 529 3101 utin
545 3052 619 3101 Livio
636 3049 912 3112 [ΙΨ-Μθφιαάαπι
953 3056 1070 3104 Horatius
1092 3054 1243 3102 adoraverit:
1266 3053 1313 3100 hoc
1334 3051 1418 3100 minus
1445 3066 1500 3102 esse

369 3149 404 3181 aa
420 3134 558 3189 divinitas,
579 3138 607 3177 ut
622 3129 763 3177 emendarit
783 3128 911 3177 Gruterus.
952 3133 1086 3191 tolerabile,
1098 3133 1207 3196 quamin
1218 3131 1291 3181 Livio
1297 3133 1501 3194 sorteqaodum;

369 3210 458 3261 Aurei.
474 3211 561 3259 Victor
577 3211 608 3257 de
625 3208 696 3258 Viris
713 3207 912 3278 Illustr.113seu
954 3229 1046 3261 arnam
1071 3220 1153 3261 autem
1170 3212 1282 3260 additum
1304 3210 1399 3274 aliquid
1416 3218 1500 3273 postu·

363 3293 437 3357 forie
452 3306 495 3340 sea
511 3291 649 3346 divinitas,
669 3287 712 3335 ubi
730 3287 804 3350 plura
828 3287 913 3335 huius·
953 3291 1016 3350 lare,
1034 3306 1082 3355 qno
1095 3291 1212 3340 articulus
1230 3290 1386 3348 indefinitus,
1401 3291 1499 3340 Latinis

369 3371 436 3420 modi
458 3369 609 3420 Arntzenius
638 3363 744 3431 collegit·
777 3369 811 3416 Et
832 3369 912 3416 Hora·
953 3375 1069 3435 ignotus,
1094 3371 1272 3435 perspicuitatis
1296 3384 1383 3418 caussa
1404 3371 1499 3434 signifi-

368 3452 419 3502 tius
434 3465 503 3499 nunc
512 3451 574 3513 fora
589 3465 653 3512 quoe
669 3447 769 3511 opponit
786 3434 915 3497 Herculi?
954 3455 1047 3502 cetur‚·'

369 3531 417 3580 sibi
439 3545 527 3579 urnam
549 3531 597 3578 fors
614 3529 735 3593 quaedam
756 3538 911 3587 monstraret,
992 3533 1089 3590 Uttlli,
1122 3532 1252 3579 Thesauro
1263 3530 1363 3578 invento
1379 3528 1425 3591 qai
1436 3543 1499 3578 mer·

367 3619 396 3660 ut
423 3611 494 3660 alteri
515 3609 644 3658 thesaurus
668 3615 818 3656 monstratus
846 3615 911 3665 erat,
954 3613 1069 3661 emortua
1085 3626 1174 3674 aprum
1208 3611 1299 3671 Ipsum
1315 3610 1388 3656 iilum
1405 3623 1498 3658 mereo·

368 3692 500 3740 divinitus·
542 3689 592 3738 sed
616 3687 742 3750 exempla,
769 3687 796 3735 in
823 3687 912 3750 quibus
954 3697 997 3740 tac
1014 3692 1103 3740 aravit.
1137 3689 1187 3750 Qui
1203 3688 1273 3736 dives
1290 3687 1322 3736 sit
1338 3687 1418 3736 amico
1434 3689 1498 3736 Her-

361 3771 423 3834 fors
438 3785 503 3832 quoe
524 3783 570 3831 pro
586 3769 708 3830 quoedm
728 3766 835 3828 ponitur,
856 3781 913 3814 rara
954 3770 1020 3830 cule,
1050 3769 1085 3818 iili
1111 3768 1234 3818 Hercules
1259 3773 1381 3814 monstrat
1407 3781 1498 3816 urnam

368 3855 439 3906 sunt,
455 3847 503 3896 alia
527 3853 652 3909 suspecta,
677 3846 725 3893 alia
747 3847 837 3893 rectius
854 3861 912 3895 casu
953 3850 1063 3912 argenti,
1087 3864 1138 3898 non
1154 3863 1207 3897 sors
1224 3847 1314 3911 aliqua.
1348 3847 1422 3896 Dura
1438 3863 1498 3912 quo-

368 3927 477 3976 ablativo
498 3927 661 3989 accipiuntur;
683 3925 786 3972 fortasse
805 3933 829 3973 et
849 3926 911 3973 anti·
953 3944 1000 3993 que
1025 3930 1114 3978 oratio:
1140 3929 1183 3992 qui
1207 3928 1372 3976 mercenarius
1396 3942 1497 3991 agrum,

369 4009 535 4072 quiorasunt,
555 4020 629 4070 quam
646 4019 691 4067 pro
707 4011 787 4052 aetate
802 4005 912 4064 Horatii,
953 4011 1018 4058 hunc
1042 4018 1163 4058 mercatus
1189 4007 1276 4056 aravit.
1314 4006 1419 4066 Omnia,
1443 4021 1498 4056 meo

368 4089 443 4154 quale
459 4086 571 4137 Terentii
586 4087 676 4134 Heaut.
702 4083 854 4148 Prolog‚44.
882 4087 913 4135 St
952 4105 1034 4150 sensu,
1051 4089 1165 4138 meliora:
1182 4093 1212 4136 at
1228 4089 1284 4146 ille,
1320 4090 1449 4137 Thesauro
1459 4091 1497 4136 in·

368 4170 565 4233 qaaeloborioaa
581 4173 625 4224 est,
642 4168 677 4215 od
692 4167 863 4214 meoarritar.
882 4167 913 4215 st
951 4177 1024 4219 cento
1040 4185 1111 4232 quem
1128 4168 1297 4218 mercenarius
1313 4182 1403 4230 aprum
1438 4168 1499 4229 Ipse

368 4253 432 4299 ienis
455 4255 509 4308 est,
526 4250 561 4297 od
576 4249 654 4295 olium
675 4247 792 4295 condar
807 4261 912 4308 prepon-
952 4252 1026 4298 tltam
1041 4253 1167 4298 mercatos
1177 4249 1272 4296 aravit.
1289 4245 1326 4294 Ut
1337 4245 1379 4295 ille
1390 4261 1423 4295 ex
1434 4260 1497 4295 mer·

368 4330 421 4380 Ubi
437 4329 463 4379 in
480 4328 535 4377 aliis
551 4325 630 4376 MSS.
645 4325 737 4388 legitur
752 4326 844 4387 siquo.
862 4324 912 4374 Sed
952 4328 1049 4378 cenario
1070 4328 1183 4376 dominus
1204 4326 1285 4374 factus
1312 4333 1349 4375 est
1376 4327 1448 4388 agri,
1471 4327 1497 4374 in

368 4411 472 4474 longum
492 4416 529 4459 est
545 4409 576 4456 de
597 4421 645 4455 usu
664 4406 712 4454 isto
735 4405 827 4462 dicere,
848 4419 912 4468 quae
952 4423 1001 4471 qno
1017 4406 1136 4456 Hercules
1152 4406 1199 4469 ipsi
1215 4406 1359 4455 thesaurum
1377 4416 1497 4457 monstra·

369 4491 472 4539 dicenda
488 4494 566 4543 erant,
582 4485 604 4534 si
620 4500 673 4534 rem
690 4491 766 4533 totam
783 4484 912 4548 diligenter
952 4493 1028 4535 verat.
1068 4487 1139 4536 Tunc
1165 4487 1291 4549 proximus
1317 4486 1426 4548 angulus
1448 4503 1496 4537 em-

368 4576 484 4618 exentere
505 4567 579 4616 velis:
601 4566 733 4614 Horatium
757 4566 856 4628 quidem
877 4566 912 4614 sie
953 4565 1018 4614 tione
1035 4580 1090 4614 meo
1106 4565 1188 4628 agello
1204 4567 1338 4616 accederet.

369 4649 488 4697 faciemus
505 4647 598 4697 Latine
614 4646 768 4709 loquentem,
785 4652 813 4693 ut
825 4659 911 4708 aequa-
931 4699 933 4711 ,
984 4644 1146 4694 Doderlinus:
1165 4645 1348 4702 „Memorabilis
1360 4646 1496 4709 Brachylo-

368 4729 405 4779 les
430 4730 516 4792 potitae
540 4741 625 4776 omnes
647 4726 820 4790 loquebantur:
851 4722 1000 4788 ortigia,
1027 4739 1082 4787 pro:
1104 4724 1146 4789 qui
1164 4725 1329 4774 mercenarius
1346 4740 1437 4789 agrum
1454 4726 1495 4774 ali·
