3750 5759
806 696 990 763 LIBER
1036 698 1060 762 I.

410 883 518 963 Quum
542 889 617 949 veto
640 889 673 949 be
696 883 783 967 fieri,
807 905 950 969 vappam
974 883 1070 949 iubeo
1093 906 1130 949 ac
1154 884 1359 950 nebulonem.

408 987 472 1053 nst
494 987 580 1052 inter
602 986 726 1052 Tanain
749 986 912 1081 quiddam!
930 1008 1142 1072 socerumque
1164 986 1300 1059 Viselli;

363 1139 822 1203 guns3uterqnsautemsnapredigit'.
832 1138 916 1201 Quare
957 1139 1056 1202 quidem
1073 1146 1124 1188 tam
1140 1139 1245 1188 ridicula
1261 1146 1285 1188 et
1302 1140 1385 1204 inepta
1399 1141 1505 1201 videtur,

363 1219 520 1268 scribendum
536 1224 597 1282 puto
613 1224 661 1268 aut
676 1221 832 1276 nebulonem,
849 1218 915 1282 quod
957 1226 986 1267 ut
1001 1233 1157 1282 summopere
1172 1220 1288 1279 mirarer,
1304 1219 1326 1268 si
1338 1221 1444 1269 Horatio
1462 1236 1504 1270 ex-

363 1305 402 1348 est
418 1299 446 1347 in
461 1298 539 1350 MSS.
560 1297 699 1357 nonnullis,
720 1311 769 1360 pro
786 1313 829 1357 aa,
850 1298 917 1361 quod
957 1299 1058 1357 ciderit,
1079 1300 1225 1362 praesertim
1246 1299 1281 1347 ita
1301 1313 1358 1347 eum
1374 1306 1505 1364 praecepto

363 1385 402 1427 est
418 1379 446 1427 in
461 1376 584 1441 plurimis.
612 1377 745 1429 Caeterum
756 1376 916 1441 homo,qn0·
958 1378 1118 1442 gravissimo,
1141 1393 1174 1428 ex
1195 1379 1277 1427 media
1293 1377 1446 1442 philosophia
1464 1394 1504 1442 pe-

363 1456 916 1518 cumHoratiusdisserit,erataoarus.Quo·
957 1458 1014 1517 tito,
1033 1458 1172 1506 coniuncta.
1205 1457 1268 1519 Quis
1284 1472 1394 1522 unquam
1410 1464 1505 1508 seuten-

364 1534 917 1600 modoigiturpoteratvetareavarumfieri?
957 1537 1007 1586 tiae
1027 1537 1207 1601 pulcherrimae
1241 1537 1293 1585 Est
1314 1537 1401 1586 modus
1421 1537 1450 1585 in
1468 1553 1506 1587 re

364 1616 509 1667 Difficultas
542 1622 639 1665 mutata
670 1615 828 1664 distinetione
860 1631 917 1665 cum
959 1618 1017 1675 bas,
1038 1623 1100 1666 aunt
1122 1619 1187 1667 serti
1208 1617 1314 1679 denique
1330 1615 1403 1680 fines
1438 1617 1507 1676 Quas

364 1703 436 1754 seta,
458 1701 483 1746 te
497 1695 560 1759 fieri
579 1711 690 1759 vappam
706 1696 778 1744 iubeo
795 1709 827 1745 aa
842 1696 917 1744 nebu·
958 1697 1032 1746 nitra
1056 1697 1171 1759 citraque
1199 1697 1286 1758 nequit
1310 1695 1444 1744 omsistere
1469 1711 1507 1744 re-

365 1777 445 1824 lonem
461 1789 512 1823 non
528 1773 631 1824 tollitur.
665 1773 733 1822 Nam
742 1773 806 1836 fieti
821 1786 918 1837 semper
958 1780 1042 1831 atum,
1067 1773 1107 1823 vel
1131 1774 1272 1838 praeposuit
1301 1772 1341 1823 vel
1370 1774 1507 1837 postposuit

365 1855 398 1904 ad
414 1861 548 1918 utrumqne
567 1852 662 1917 periodi
682 1852 822 1901 membrum
843 1853 917 1902 refer·
960 1854 1013 1902 Est
1026 1855 1147 1917 quiddam
1160 1855 1228 1903 inter
1241 1854 1374 1918 spadonem
1382 1858 1408 1902 et
1416 1855 1508 1917 impro-

365 1941 415 1983 tur.
448 1933 540 1984 Melius
556 1939 652 1996 putem:
678 1934 737 1981 Non
760 1947 803 1996 eqo
824 1947 918 1982 avarus
957 1933 1055 1981 bissiine
1070 1935 1175 1982 natum?

369 2014 435 2063 Cum
451 2020 506 2064 ceta
522 2015 566 2072 sis,
577 2011 646 2076 fieri
661 2026 772 2075 vappam
788 2013 858 2062 iubeo
871 2017 919 2060 aut
993 2012 1099 2071 Tanais,
1116 2012 1202 2072 credo,
1225 2019 1262 2062 est
1283 2027 1374 2062 nomeu
1390 2013 1507 2064 fluminis.

367 2096 522 2144 nebulonem.
557 2090 677 2141 Horatius
698 2096 784 2140 vetare
805 2090 841 2138 sic
861 2104 919 2138 oon-
960 2091 1067 2140 Flumen
1083 2091 1205 2141 desiderat
1225 2091 1329 2141 alterum
1346 2091 1452 2151 flumen,
1475 2094 1509 2142 ita

369 2172 451 2222 struit.
486 2169 571 2220 Carm.
589 2168 641 2217 III.
659 2183 688 2218 rr.
704 2170 746 2218 26.
784 2171 919 2218 Vetabo-
961 2176 989 2218 nt
1002 2170 1427 2235 mediumsitingensintervallum.
1449 2171 1508 2222 Fin-

368 2253 415 2299 sub
429 2251 519 2298 iisdem
535 2249 571 2297 sit
587 2249 707 2298 audem.
962 2262 993 2311 ge
1018 2248 1044 2295 in
1065 2248 1122 2298 MS.
1137 2248 1212 2298 fluisse
1237 2245 1509 2314 TANAIQUIDDK·

402 2331 456 2377 Est
473 2330 540 2378 inter
555 2329 656 2376 Tanain
667 2329 788 2390 quiddam
798 2343 920 2378 socerum·
962 2323 1135 2392 SERUQUE.
1169 2330 1251 2391 Quam
1273 2329 1345 2379 facile
1366 2331 1424 2379 hinc
1451 2331 1510 2381 oriri

370 2423 418 2470 que
432 2410 528 2458 Vitelli.
557 2407 710 2471 Porphyrio:
723 2406 833 2466 „Tanais
845 2409 920 2470 spado
961 2408 1041 2470 potnit
1065 2423 1222 2471 socmamqas
1242 2423 1288 2471 pro
1306 2411 1512 2474 Eridanumqae,

371 2487 578 2551 fuit,ntquidam
591 2486 671 2545 aiunt,
684 2486 835 2535 Maecenatis
848 2486 920 2535 liber·
962 2487 1035 2550 idque
1057 2501 1086 2535 eo
1111 2485 1219 2546 facilius,
1244 2488 1303 2551 quia
1324 2491 1425 2549 Viselli,
1445 2492 1511 2553 quod

371 2575 426 2627 tus,
451 2573 480 2614 ut
495 2565 623 2625 nonnulli,
639 2566 671 2615 L.
688 2566 810 2623 Munatii,
821 2572 849 2613 nt
860 2580 920 2614 non·
962 2573 1026 2614 esset
1041 2567 1183 2625 vocativus,
1204 2567 1355 2631 acciperetur
1376 2583 1421 2632 pro
1443 2569 1511 2633 geni·

371 2646 443 2705 nulli,
462 2645 583 2696 Plancii.“
608 2644 709 2708 corrigi
729 2644 798 2693 iubet
817 2645 920 2694 Ruhnk.
962 2646 1031 2694 tivo?
1064 2646 1183 2695 Horatius
1200 2646 1303 2696 fortasse
1321 2648 1431 2711 scripsit:
1460 2651 1511 2699 Est

372 2727 404 2775 ad
420 2725 487 2775 Vell.
509 2726 608 2775 Patere.
629 2724 665 2773 11.
687 2725 728 2773 63.
745 2730 775 2772 ut
791 2725 921 2780 amanili,
963 2728 1031 2774 inter
1050 2728 1152 2776 Tanain
1168 2729 1288 2790 quiddam
1304 2729 1511 2792 Eridanumqae,

373 2808 406 2855 L.
436 2807 555 2854 Munatii
570 2806 670 2854 Planci.
698 2804 816 2852 Fortasse
831 2802 921 2851 melius
968 2807 1064 2854 Viseiii.
1090 2805 1152 2854 Inde
1169 2821 1184 2853 a
1200 2821 1237 2854 vs.
1251 2806 1291 2854 38.
1309 2805 1441 2869 alloquitur
1454 2823 1510 2856 nva-

373 2891 438 2934 erat:
457 2890 487 2932 ut
503 2885 619 2934 vronnulli
636 2884 666 2933 L.
679 2883 813 2943 Munatii,
822 2888 852 2930 ut
862 2897 922 2931 non·
963 2899 1019 2933 rum
1034 2886 1164 2948 quendam.
1195 2886 1261 2934 Eum
1275 2900 1342 2933 nunc
1355 2900 1400 2933 sno
1413 2887 1513 2936 nomine

373 2969 440 3016 nulli
459 2969 489 3015 L.
502 2966 594 3014 Plotii.
618 2963 649 3012 L.
662 2961 793 3010 Munatius
804 2961 923 3020 Plancus,
964 2963 1071 3026 appellat
1086 2965 1222 3012 Visellium.
1256 2965 1303 3013 Est
1319 2965 1513 3028 quaedamindi·

374 3051 399 3096 et
423 3046 453 3095 L.
479 3044 576 3094 Plotius
601 3041 710 3091 Plancus
735 3047 805 3091 erant
826 3039 923 3090 haeres.
964 3044 1050 3107 gnatio
1065 3043 1219 3092 admonentis
1236 3045 1262 3092 in
1283 3043 1346 3104 fine,
1368 3052 1393 3093 et
1414 3060 1513 3109 prover-

374 3124 414 3174 De
431 3127 518 3174 Plotio
534 3124 591 3172 vide
601 3121 863 3172 Ruhnhadeundem
874 3120 922 3169 Pa
964 3122 1005 3170 bio
1026 3137 1123 3187 quoque
1144 3123 1282 3173 refutantis.
1316 3124 1363 3172 Est
1384 3125 1515 3187 quiddam,

375 3203 498 3253 torculum
514 3204 550 3253 Il.
567 3202 608 3253 67.
641 3203 710 3260 Iam,
726 3208 754 3249 nt
771 3198 924 3250 Scholiastae
965 3202 1072 3266 aliquid,
1092 3218 1212 3266 magnum
1229 3203 1350 3265 spatium,
1375 3204 1516 3264 oViselli,

376 3283 474 3343 docent,
499 3283 593 3331 Tanais
614 3280 662 3329 fuit
683 3282 771 3344 spado,
792 3293 861 3328 socer
877 3278 923 3327 Vi·
966 3282 1031 3331 inter
1048 3283 1147 3331 Tanain
1163 3289 1188 3332 et
1209 3282 1356 3332 Eridanum.
1389 3283 1517 3332 Distantia

376 3362 439 3412 sellii
453 3362 500 3411 fuit
512 3360 647 3411 herniosus.
668 3361 747 3411 Poeta
760 3374 806 3422 pro
816 3358 924 3421 spadone
967 3361 1013 3409 isto
1029 3362 1103 3410 modo
1114 3361 1292 3425 significantur.
1315 3361 1428 3425 Propert.
1439 3363 1460 3411 1.
1466 3377 1515 3411 xrr.

376 3448 401 3491 et
422 3442 537 3491 hernioso
557 3441 639 3489 utitur
655 3439 796 3489 nominibus
812 3436 925 3501 propriis,
968 3441 991 3488 3.
1036 3441 1096 3488 Tam
1122 3442 1205 3490 malta
1229 3440 1276 3487 iila
1301 3455 1353 3489 meo
1377 3443 1460 3490 diuisa
1478 3448 1516 3492 est

377 3520 481 3585 Oportet
502 3521 580 3585 igitur
600 3535 641 3569 eos
657 3518 718 3568 vitio
734 3516 843 3580 eorporis
859 3515 925 3564 labo-
968 3521 1049 3568 mitiia
1060 3521 1134 3576 hato,
1155 3519 1287 3577 Quantam
1296 3520 1418 3581 Hypanis
1427 3523 1517 3570 Veneta

377 3615 445 3649 rasse
460 3606 559 3664 praeter
575 3613 672 3656 omnes,
695 3597 762 3646 vitiis
782 3594 926 3644 huiusmodi
967 3600 1074 3648 dissidet
1098 3599 1224 3646 Eridano.
1266 3596 1302 3645 M.
1333 3595 1398 3646 Aur.
1423 3596 1517 3647 Caesar

377 3678 531 3739 laborantes,
559 3679 659 3742 insigni.
702 3675 782 3738 Quale
811 3673 875 3722 illud
899 3673 926 3721 in
967 3676 1089 3726 Frontoni
1105 3676 1177 3724 Tem.
1195 3674 1216 3724 I.
1238 3690 1262 3738 p.
1279 3675 1319 3724 68.
1354 3677 1409 3739 qu
1431 3679 1476 3739 qui
1500 3693 1517 3725 a

377 3759 486 3821 spadone
511 3757 602 3816 fuerit,
630 3756 698 3805 haud
725 3755 785 3804 satis
806 3752 925 3816 intelligo.
970 3758 1070 3806 Graeca
1078 3758 1217 3806 literatura
1227 3761 1328 3804 tantum
1336 3757 1517 3818 obsutaquan·

379 3837 411 3886 In
432 3837 553 3886 hemiosis
570 3843 607 3884 est
628 3836 774 3884 discrimen:
798 3847 832 3881 an
854 3839 879 3880 et
899 3831 927 3879 in
968 3842 1022 3885 tum
1047 3852 1064 3884 a
1089 3841 1159 3884 ima
1187 3836 1298 3895 Graeciq
1324 3849 1393 3884 mom
1420 3836 1518 3884 Coelius

379 3918 503 3980 spadone?
541 3916 637 3966 Romae
657 3930 751 3978 magna
772 3920 825 3962 erat
841 3911 926 3974 spado·
967 3929 1037 3964 inam
1053 3916 1130 3964 abest.
1155 3914 1275 3964 Eiusdem
1292 3915 1390 3978 generis
1407 3920 1445 3962 est
1460 3928 1518 3963 neo·

380 4011 440 4044 num
462 3995 602 4045 multitudo.
636 3994 687 4057 Qui
707 4007 768 4057 ergo
790 3993 822 4040 ad
844 4005 926 4039 exem·
967 3994 1072 4042 terieum
1084 3992 1157 4052 illud,
1174 3995 1204 4042 de
1220 4009 1270 4057 quo
1280 3994 1401 4043 Erasmus
1412 3993 1439 4042 iu
1449 3993 1518 4043 Ada-

379 4075 449 4138 plum
471 4081 585 4133 notatur,
607 4087 658 4121 non
681 4071 825 4136 simpliciter
847 4069 928 4119 notari
969 4073 1029 4136 giis:
1060 4073 1139 4137 χωρὶς
1163 4074 1196 4121 τὰ
1222 4069 1321 4138 Μεῤῥοῦ
1347 4073 1389 4121 rai
1415 4069 1518 4136 Σιλωάμ

349 4142 351 4146 ’
380 4155 460 4218 potnit
476 4154 522 4203 hoc
533 4153 640 4201 nomine.
664 4153 785 4201 Famosus
797 4156 851 4199 erat
861 4149 928 4211 turpi
970 4149 1093 4217 ῥεύματα.

381 4235 462 4298 aliquo
479 4233 556 4282 animi
578 4232 652 4290 vitio,
668 4230 787 4294 factisque
804 4229 928 4292 indignis?
1001 4229 1050 4278 Illa
1074 4235 1112 4279 est
1136 4231 1256 4292 quiddam
1280 4232 1348 4278 inter
1376 4230 1478 4277 Tanain
1494 4236 1519 4278 et

363 4315 478 4373 ·Ethoc,
491 4314 572 4372 credo,
586 4313 617 4360 de
630 4311 720 4370 Tanai,
733 4310 841 4373 spadone
854 4309 929 4357 nnius
970 4311 1117 4358 Eridanum
1139 4309 1231 4358 habent
1253 4314 1368 4356 naturam
1389 4307 1520 4369 proverbii.

382 4402 433 4442 tarn
458 4393 592 4442 illustrium
620 4391 745 4449 virorum,
775 4390 930 4453 cognovisse·
969 4389 1024 4437 Iam
1051 4387 1110 4435 olim
1133 4387 1284 4437 scholiastae
1310 4387 1345 4434 ita
1367 4394 1519 4450 aeceperunt.
1605 4441 1608 4446 Δ

382 4489 446 4522 mus.
480 4474 580 4521 Interea
595 4470 636 4519 vel
651 4484 742 4518 nomen
757 4469 930 4532 dominiigno
971 4467 1089 4530 Superest
1105 4467 1223 4516 indicium
1240 4468 1267 4515 in
1286 4467 1333 4515 hoc
1350 4467 1442 4515 scholio
1459 4467 1520 4515 Por·

382 4561 458 4601 ratur.
491 4552 558 4614 Quid
579 4552 660 4599 dicam
681 4550 712 4598 de
733 4549 856 4598 locutione
881 4548 932 4597 fere
970 4546 1114 4610 phyrionis:
1133 4546 1272 4606 „Sumsisse
1289 4545 1335 4594 hoc
1346 4559 1379 4594 ex
1390 4546 1521 4609 proverbio

383 4631 545 4695 proverbiali,
556 4645 606 4694 qua
616 4628 789 4678 dissimilitudo
801 4629 865 4677 inter
873 4643 930 4676 ava·
972 4625 1080 4682 Graeco,
1103 4625 1149 4674 suh
1172 4625 1321 4674 Nominibus
1345 4625 1452 4674 relatum
1469 4632 1520 4684 est,

384 4726 439 4759 rum
456 4718 480 4759 et
496 4711 626 4773 prodigum
645 4709 781 4757 indicatur?
815 4710 853 4758 Ea
870 4707 931 4755 mihi
969 4703 1005 4754 illi
1026 4704 1091 4752 enirn
1109 4705 1144 4752 ita
1160 4704 1257 4754 dicunt:
1356 4707 1422 4768 quod
1439 4712 1521 4753 tamen
