3750 5759
767 679 948 743 LIBER
996 680 1037 743 ll.

375 869 447 934 Aut
469 868 610 934 labentis
634 890 716 954 equo
740 868 903 934 describat
926 869 1061 935 vulnera
1085 869 1234 934 Parthie

374 974 556 1056 „Attamen
580 978 614 1038 et
636 972 761 1038 iustum
784 978 913 1059 poteras
937 979 971 1038 et
994 973 1133 1039 scribere
1155 972 1292 1055 fortem,

375 1076 562 1163 Scipiadam
585 1083 624 1142 ut
646 1077 777 1163 sapiens
802 1077 984 1143 Lucilius.“
1033 1077 1156 1159 „Haud
1179 1077 1262 1140 mihi
1285 1076 1393 1158 deero,

326 1213 353 1262 vi
370 1215 568 1273 conficientibus,
586 1226 614 1265 ut
630 1216 723 1264 ferrum
739 1214 876 1279 pectoribus
916 1215 1004 1265 cilius?
1038 1215 1173 1279 Scripsitne
1196 1215 1336 1278 Scipionem
1358 1214 1383 1261 in
1400 1220 1465 1261 utro-

326 1294 433 1342 infixum
450 1294 607 1358 frangeretur
616 1294 687 1358 ligno
697 1294 876 1357 fisso,lignum
917 1295 1158 1360 queritaegenerei
1192 1294 1296 1344 Minim0
1313 1291 1464 1344 verecum-

326 1388 342 1420 a
365 1373 430 1422 ferro
447 1374 605 1424 divideretur.
640 1375 725 1437 Atque
741 1375 776 1422 ita
794 1374 875 1423 Acro:
916 1382 1051 1424 mentator:
1076 1374 1119 1433 „Si
1137 1389 1187 1422 non
1203 1381 1271 1438 potes
1288 1381 1359 1436 gesta
1375 1373 1463 1423 Caesa·

327 1455 451 1511 „Fracta
466 1454 523 1517 quia
541 1453 684 1502 vulneratus
701 1462 738 1502 est
755 1453 831 1502 hostis
848 1461 876 1502 ut
915 1454 949 1502 ris
966 1453 1082 1514 scribere,
1100 1460 1125 1503 at
1141 1460 1210 1517 potes
1227 1453 1345 1502 iustitiam
1362 1460 1386 1501 et
1397 1452 1464 1501 forti·

323 1534 434 1582 etsenit
454 1538 508 1597 sq.“
541 1533 613 1596 Quod
634 1531 821 1582 Commentator
845 1535 875 1583 de
913 1535 1038 1592 tudinem,
1064 1541 1091 1582 ut
1112 1533 1223 1583 Lucilius
1245 1534 1321 1582 vitem
1343 1532 1462 1596 Scipionis

323 1612 406 1663 Mario
433 1612 515 1670 addit,
548 1612 622 1661 eliam
648 1613 874 1676 interpretationem
913 1615 1038 1678 privatam
1049 1615 1183 1678 descripsit,
1194 1614 1290 1662 Ennius
1303 1628 1363 1662 vero
1374 1613 1462 1661 bclls.“

323 1697 453 1740 monstrat.
486 1692 636 1742 Plutarchus
652 1693 679 1740 in
696 1692 777 1741 Mario
793 1692 874 1742 XXV
914 1692 1046 1742 Trebatius
1069 1693 1174 1741 Horatio
1199 1699 1284 1741 auctor
1308 1699 1356 1751 est,
1382 1699 1410 1740 ut
1435 1692 1462 1740 il-

322 1783 376 1819 rem
398 1770 525 1820 describit:
550 1771 652 1836 λέγεται
676 1769 697 1820 d'
721 1770 758 1828 εἰς
779 1771 875 1831 ἐκείνην
911 1770 1067 1821 ludfsoeret.
1095 1772 1175 1835 Lego:
1194 1774 1315 1821 Attamen
1332 1778 1357 1820 et
1367 1773 1462 1819 iustum

323 1850 373 1908 τήν
393 1842 483 1914 μάχην
502 1856 605 1916 πρῶτον
627 1851 679 1901 ὑπὸ
697 1852 799 1914 Μαρίου
817 1869 872 1900 και·
911 1855 1013 1911 poteras
1030 1853 1177 1909 describere,
1188 1851 1286 1914 sortem
1315 1852 1461 1912 Scipiadam

321 1931 497 1993 voropnbrivai
514 1931 542 1980 rb
560 1933 619 1996 περὶ
636 1933 696 1989 τοὺς
708 1931 812 1989 ὑσσούς.
838 1933 872 1980 Τὸ
912 1934 942 1976 et
959 1931 1060 1991 eripiens
1075 1930 1196 1977 Lucilius.
1226 1926 1317 1977 Caesar
1328 1929 1461 1992 Augustus

321 2009 372 2072 γὰρ
389 2009 424 2067 εἰς
441 2011 487 2060 τὸν
504 2009 608 2075 σίδηρον
624 2010 743 2075 ἔμβλημα
761 2013 808 2059 τοῦ
827 2008 871 2066 Ei·
911 2021 962 2055 non
978 2014 1076 2055 tentum
1093 2014 1130 2056 est
1146 2008 1184 2055 vir
1195 2008 1277 2066 fortis,
1288 2023 1376 2057 rerum
1387 2011 1460 2058 etiem

319 2086 369 2135 λου
391 2088 516 2154 πρότερον
540 2091 587 2154 μὲν
611 2089 645 2150 ἦν
670 2088 724 2138 doci
750 2089 872 2153 περόναις
910 2086 997 2137 iustus.
1032 2086 1108 2137 Sume
1125 2087 1253 2137 materiam
1266 2089 1381 2137 carminis
1392 2089 1460 2138 iusti·

320 2165 522 2231 κατειλημμένον
538 2167 662 2232 σιδηραῖς.
680 2167 736 2217 τότε
753 2166 779 2215 δὲ
791 2166 804 2216 ὀ
817 2167 871 2216 Μά-
909 2165 971 2214 tiam
988 2167 1056 2215 fortis
1074 2168 1198 2230 Augusti,
1217 2175 1245 2217 ut
1266 2167 1376 2217 Lucilius
1393 2183 1459 2216 sum·

318 2262 375 2309 μιος
391 2245 440 2304 τήν
455 2247 511 2309 μὲν,
529 2247 613 2311 ὥσπερ
630 2248 709 2310 εἶχεν,
728 2245 805 2307 εἴασε,
825 2247 872 2305 τὴν
910 2245 942 2293 sit
947 2246 1029 2309 fertis
1042 2248 1272 2310 Scipionistipscm
1276 2249 1460 2311 fortitudines

318 2323 343 2372 δ’
360 2323 448 2388 ἑτέραν
458 2324 550 2381 ἐξελὼν
561 2326 665 2382 ξύλινον
675 2323 741 2385 ἧλον
751 2325 870 2389 stipass-
910 2325 1023 2390 relinque
1034 2325 1119 2386 alteri,
1134 2333 1162 2374 ut
1173 2327 1286 2375 Lucilius
1297 2327 1396 2392 reliquit
1408 2329 1459 2377 En-

318 2421 368 2452 τον
397 2402 454 2452 ἀντ’
482 2405 566 2465 αὐτῆς
598 2402 713 2466 ἐνέβαλε,
741 2404 870 2466 τεχνάζων
910 2406 958 2454 nio.
991 2406 1110 2455 Horatius
1127 2408 1235 2455 dixerat:
1257 2409 1338 2470 quivis
1353 2422 1404 2455 con
1419 2409 1458 2455 de-

320 2483 505 2547 προσπεσόντα
522 2484 569 2534 τὸν
586 2482 666 2532 ὑσσὸν
682 2484 721 2546 τῷ
729 2484 813 2547 θυρεῷ
823 2486 869 2532 τοῦ
909 2489 1000 2536 scribit
1019 2489 1124 2536 vulnere
1147 2487 1243 2535 Partiri
1249 2504 1258 2545 ,·
1280 2500 1340 2548 ergo
1361 2494 1385 2534 et
1405 2500 1457 2535 me·

317 2563 442 2626 πολεμὶου
456 2565 492 2627 μὴ
508 2561 593 2628 μένειν
609 2563 701 2628 ὀρθὸν,
730 2562 798 2611 ἀλλὰ
825 2566 870 2611 τοῦ
908 2563 957 2613 lius
974 2567 1085 2630 sequitur
1100 2573 1198 2630 poteras
1214 2568 1362 2626 describere,
1383 2581 1458 2630 quam

317 2641 421 2697 ξυλίνου
438 2640 594 2700 κλασθέντος
610 2643 685 2703 idco,
703 2644 811 2706 καμπὴν
828 2643 868 2707 γί·
908 2649 1023 2697 seribere.
1057 2647 1127 2695 Idem
1150 2647 1253 2695 verbum
1275 2647 1302 2694 in
1318 2661 1344 2694 re
1360 2645 1405 2694 tali
1421 2661 1457 2695 re-

316 2723 408 2771 versat
425 2723 483 2788 περὶ
499 2723 546 2772 τὸν
568 2721 688 2788 σίδηρον,
710 2724 752 2771 καὶ
775 2722 868 2786 παρέλ-
909 2725 1006 2786 petitur.
1034 2725 1075 2774 Ita
1092 2725 1165 2776 Setir.
1174 2725 1210 2774 II.
1224 2739 1251 2774 11.
1262 2725 1316 2774 130.
1327 2740 1371 2773 nos
1380 2741 1457 2788 expc-

316 2803 406 2851 κεσθαι
422 2803 453 2850 τὸ
478 2801 538 2866 δόρυ
555 2801 596 2850 διὰ
621 2802 670 2862 τήν
695 2802 869 2866 στρεβλότητα
910 2804 1114 2852 titillo-illum
1124 2807 1248 2867 nequities
1256 2804 1458 2866 sepelietMulta

315 2885 366 2940 τῆς
390 2880 485 2946 αἰχμῆς
510 2879 668 2946 ἐνεχόμενον.
710 2881 767 2930 Hoc
794 2882 869 2932 Marii
908 2883 1026 2931 annotavi
1042 2883 1172 2932 adHoret.
1185 2882 1269 2933 Carm.
1282 2882 1330 2932 IV.
1342 2896 1370 2930 11.
1383 2883 1457 2933 Adde

314 2963 445 3011 inventum
477 2963 563 3025 poetae
590 2968 674 3011 nostro
701 2970 758 3011 ante
785 2961 867 3012 oculos
908 2960 1021 3011 Oudend.
1039 2963 1070 3010 ad
1083 2961 1348 3013 Sueton.·0aessr.38.
1369 2962 1456 3012 InLi-

315 3041 392 3091 fuisse
408 3043 475 3090 haud
491 3041 647 3090 crediderim:
668 3041 702 3089 sic
723 3042 788 3090 enim
810 3043 868 3090 scri·
908 3042 949 3091 vio
966 3042 1083 3092 xxr.38.
1103 3044 1161 3092 Non
1171 3044 1288 3092 tementis
1298 3044 1457 3106 lacrimisque

311 3123 405 3185 -psisset
419 3123 515 3186 freqili
534 3126 670 3182 pereuntes
686 3125 787 3184 cuspide
806 3124 867 3171 Gal·
907 3130 1028 3188 tanquam
1053 3125 1190 3174 exstinctos
1212 3125 1343 3187 prosequi,
1367 3125 1457 3173 vicent

314 3203 359 3259 los,
383 3201 464 3264 potius
480 3202 659 3265 qusmsracta.
688 3200 866 3251 Gesnerusuli-
906 3205 1037 3267 tepensque
1046 3204 1124 3267 famo
1142 3211 1456 3266 rerernpestarum.recte,

314 3280 376 3344 quid
392 3280 495 3328 sensisse
511 3279 621 3338 videtur,
638 3281 782 3328 cumrerba
793 3279 867 3331 Com·
906 3289 978 3344 puto,
1004 3282 1103 3346 Lipsius
1130 3282 1282 3330 emendavit:
1307 3285 1396 3331 vivunt
1421 3286 1456 3333 si-

313 3361 458 3408 mentatoris
475 3360 594 3422 corrigat,
610 3373 655 3423 pro
671 3358 798 3421 utfrcctc
810 3361 866 3407 mit·
905 3367 1018 3424 seritque,
1026 3375 1176 3425 quamquam
1185 3361 1327 3412 Gronovius
1336 3376 1387 3409 non
1394 3376 1455 3425 opus

314 3445 431 3489 ταινίαν
446 3439 531 3502 legens
548 3439 866 3501 utrcisscsranperentur.
906 3453 959 3488 esse
975 3440 1074 3488 indicat.
1102 3441 1169 3489 Hinc
1181 3440 1348 3488 emendandus
1361 3440 1455 3490 Minut.

314 3517 503 3567 Funkhanellus
511 3519 687 3580 interpretatur
696 3516 792 3575 Gellos,
805 3531 864 3579 quo
905 3519 988 3568 Felix.
1013 3519 1039 3567 in
1068 3517 1156 3568 Octav.
1183 3534 1209 3583 p.
1235 3519 1292 3567 256.
1328 3520 1457 3569 Naturale

311 3611 371 3646 -rum
381 3597 459 3646 telum
470 3597 629 3662 praecipuum
640 3603 704 3646 esset
715 3599 797 3655 Ιιαοια,
809 3613 864 3659 pce·
905 3601 970 3648 enim
987 3604 1037 3656 est,
1062 3605 1088 3648 et
1112 3600 1192 3649 odisse
1216 3615 1286 3662 quem
1307 3600 1408 3656 timeris,
1430 3605 1455 3648 et

312 3691 383 3736 sum,
398 3679 500 3736 sentire,
524 3690 554 3725 es
579 3677 657 3726 fracta
680 3676 725 3726 sibi
749 3691 802 3725 esse
824 3692 864 3740 pe·
904 3695 975 3742 quem
1000 3681 1118 3728 creterris
1143 3679 1273 3743 infestare.
1308 3678 1454 3740 Legendum

312 3757 445 3806 reundum.
478 3756 630 3806 Doderlinus
658 3757 721 3804 hanc
746 3757 863 3820 iuterpre·
905 3759 1030 3807 timueris.
1047 3756 1453 3807 CaeterumsnnotatioCommen-

312 3836 432 3885 tationem
448 3836 540 3885 nuda.
903 3837 989 3885 tatoris
1012 3838 1048 3885 sic
1068 3837 1173 3901 legende
1194 3845 1242 3887 est:
1259 3837 1304 3896 „Si
1320 3851 1370 3884 non
1386 3843 1455 3900 potes

348 3917 469 3965 Astarten
488 3922 514 3965 et
533 3917 630 3965 iustum
645 3921 747 3979 poteras
762 3921 787 3965 et
802 3917 863 3965 scri·
903 3922 974 3979 geste
991 3915 1106 3966 Caesaris
1122 3925 1147 3967 et
1157 3918 1324 3968 fortitudinem
1336 3917 1453 3975 scribere,

312 3994 481 4056 berefortem.
515 3994 645 4056 Quomodo
659 3998 758 4058 sortem
774 3996 821 4043 nisi
836 3995 862 4042 in
903 4003 928 4044 at
945 4002 1013 4059 potes
1029 3997 1172 4048 iustitiam.“

311 4073 393 4122 bello?
424 4074 469 4123 Ad
490 4075 556 4124 bella
575 4076 686 4123 canenda
707 4074 810 4122 Horatio
826 4074 862 4122 vi·
936 4075 1017 4124 Haud
1039 4079 1102 4126 esitii
1118 4081 1203 4136 deero,
1240 4079 1324 4136 Quum
1341 4078 1453 4138 resipio

311 4165 353 4200 res
378 4153 487 4202 deerant.
520 4155 599 4218 Quid,
624 4156 647 4204 si
670 4154 743 4204 rebus
768 4152 861 4202 bellicis
896 4156 975 4219 feret.
1009 4155 1049 4204 Ita
1064 4164 1162 4219 tempus
1179 4156 1313 4214 indicatur,
1330 4156 1395 4219 quod
1408 4168 1454 4203 nec

311 4233 673 4298 accederentinpseegestae?
701 4233 774 4284 Onus
785 4234 860 4282 oncri.
901 4249 1031 4298 possumus
1047 4251 1092 4285 nec
1109 4236 1225 4285 debemus
1242 4235 1382 4298 negligere,
1405 4235 1453 4282 nisi

311 4312 464 4376 Interpretes
483 4313 582 4378 fortem
606 4315 715 4377 accipere
739 4320 862 4376 coguntur
901 4314 972 4363 nobis
993 4316 1077 4363 deesse
1102 4315 1214 4364 velimus.
1248 4314 1348 4363 Terent.
1371 4314 1453 4365 Andr,

310 4399 439 4456 tanqum
453 4394 618 4456 'ymerosum
643 4400 721 4451 recte,
747 4394 861 4452 honeste,
902 4393 1065 4442 uiuite.
1100 4395 1157 4442 Imo
1173 4395 1213 4441 ita
1228 4394 1293 4450 volo,
1310 4394 1396 4455 itaque
1409 4408 1453 4454 po·

310 4479 423 4521 strenue·
440 4480 565 4536 agentem.
606 4473 747 4532 Sententia,
775 4475 862 4533 credo,
900 4475 980 4530 stuic,
997 4479 1027 4521 ut
1036 4473 1102 4535 fiet,
1123 4473 1242 4522 Chreme:
1266 4473 1354 4534 Neque
1367 4477 1453 4535 postu-

305 4552 385 4600 -unice
408 4552 524 4615 designat
542 4553 641 4616 fortem
666 4554 740 4611 bello,
764 4554 861 4602 iustum
902 4555 949 4602 lem
978 4553 1023 4601 abs
1051 4557 1087 4609 te,
1116 4553 1168 4600 aiei
1195 4553 1252 4614 ipsc
1279 4566 1320 4600 res
1347 4557 1453 4600 moreat.

308 4647 380 4695 paee.
418 4631 551 4681 Trebatius
578 4632 684 4681 Horatio
705 4633 804 4689 suadet,
833 4639 862 4680 ut
902 4631 1012 4694 Adelph.
1030 4631 1080 4681 IV.
1098 4645 1146 4679 vn.
1164 4633 1202 4681 12.
1231 4631 1278 4680 De.
1306 4631 1376 4690 Quid
1386 4646 1454 4679 ncnc

310 4711 455 4775 exemplum
472 4712 699 4776 Luciliisequatur.
733 4711 801 4774 Quid
809 4713 859 4761 Lu·
895 4713 1022 4777 ficturum
1038 4711 1097 4760 est?
1132 4710 1177 4760 Mi.
1194 4712 1222 4759 id
1238 4712 1317 4769 enirn,
1332 4713 1398 4772 quod
1414 4727 1453 4760 res
