3750 5759
617 947 668 1081 o.
699 991 939 1070 HORATH
963 987 1166 1069 'raucos

513 1244 1273 1343 SATIRARUM

713 1509 852 1576 LIBER
876 1510 1058 1576 PRIMUS.

787 1739 984 1764 w

737 1915 956 1982 sATIRA
1005 1918 1029 1982 I.

397 2083 478 2170 ‘Qut
501 2095 556 2178 fit,
581 2095 768 2177 Maecenas,
793 2099 831 2159 ut
853 2117 967 2178 nemo,
992 2119 1091 2182 quam
1115 2095 1179 2162 sibi
1203 2102 1322 2162 sortem

360 2197 425 2263 Seu
448 2199 532 2264 ratio
556 2197 682 2264 dederit
706 2220 763 2263 sen
786 2197 852 2263 fors
877 2198 1047 2283 obiecerit,
1071 2199 1131 2264 illa

361 2299 544 2368 Contentus
567 2302 675 2385 vivat,
699 2301 813 2367 laudet
836 2301 965 2367 diversa
989 2307 1182 2389 sequentes?

500 2469 639 2520 SATIRA
659 2472 681 2520 Ι.

347 2564 415 2648 Ina
441 2606 573 2650 catara
598 2603 679 2650 assat.
721 2602 753 2650 In
778 2601 865 2649 maun

313 2677 392 2729 MSS.
418 2686 443 2727 et
467 2679 575 2742 antiquis
600 2679 747 2728 editionibus
772 2679 865 2743 legitur

313 2760 377 2806 ullu.
409 2758 540 2822 Exiguum
562 2759 698 2822 scripturae
719 2759 865 2820 discrimen,

314 2845 340 2886 et
354 2837 475 2886 vocabula
488 2838 579 2887 centies
587 2845 766 2902 permutantur.
783 2837 865 2899 Quaea

312 2917 379 2966 titur
399 2919 485 2976 modo,
510 2926 595 2967 utrum
617 2918 751 2968 sententiae
773 2917 863 2966 melius

313 2997 451 3047 conveniat.
485 2997 547 3058 Hic,
572 3004 644 3061 puto,
669 2997 784 3046 convenit
807 2999 862 3046 illu.

245 3144 248 3148 Α
312 3077 408 3157 Ncmq,
424 3091 500 3140 quam
517 3076 564 3126 sibi
580 3083 671 3125 sortem
687 3089 731 3124 seu
744 3075 809 3123 ratio
822 3077 863 3124 de-

313 3155 392 3215 derit,
414 3169 458 3204 sen
473 3155 536 3204 Fors
553 3155 679 3214 obiecerit,
700 3157 749 3203 illu
765 3161 862 3203 conten-

314 3241 355 3282 tus
372 3234 443 3284 vivit.
477 3235 510 3283 In
523 3234 562 3282 his
576 3236 623 3282 illa
637 3233 774 3281 necessario
782 3233 862 3296 requi·

313 3314 393 3372 ritur‚
420 3320 444 3362 et
470 3327 539 3362 more
564 3313 699 3376 castigatae
720 3312 862 3361 Latinitatis

314 3395 513 3442 commendatur:
539 3395 594 3441 ulla
618 3406 669 3440 non
694 3399 790 3440 tanturn
812 3405 862 3440 non

313 3474 461 3536 requiritur,
486 3474 528 3521 sed
555 3472 630 3521 etiam
653 3471 687 3519 ita
709 3485 863 3533 supervacua

314 3562 428 3616 apparet,
453 3560 482 3601 ut
507 3552 591 3600 abesse
612 3551 710 3600 malles.
745 3552 804 3600 Sors
825 3557 863 3600 est

314 3634 381 3683 vitae
405 3648 500 3698 genus,
525 3634 591 3697 quod
616 3633 719 3696 quisque
744 3632 861 3696 sequitur.

314 3714 371 3763 Hoc
387 3714 429 3762 rel
445 3714 529 3777 eligit,
546 3713 587 3762 vel
605 3713 628 3761 ei
641 3711 762 3760 obiicitur.
788 3711 862 3760 Ratio

314 3809 359 3843 seu
374 3795 437 3843 Fors
452 3795 512 3841 dant
524 3807 600 3840 unam
614 3798 712 3849 sortem,
726 3803 797 3838 suam
811 3792 860 3838 cui-

313 3887 375 3938 que,
393 3874 525 3937 propriam,
554 3873 641 3929 Hanc,
658 3885 688 3918 ea
701 3885 751 3919 non
764 3877 861 3918 conten·

314 3960 369 4010 tus,
390 3967 447 4000 cum
464 3959 528 4001 sorte
545 3951 647 3999 alterius
664 3957 804 4013 permutare
820 3963 860 3997 cn·

313 4033 358 4095 pit,
392 4031 467 4096 Optat
483 4032 587 4080 alteram
601 4038 699 4089 sortem,
713 4045 762 4078 non
776 4045 861 4092 quam-

314 4125 432 4174 cumque,
449 4113 492 4160 sed
508 4119 613 4168 certam,
635 4117 664 4158 ut
680 4117 800 4172 mercator
816 4109 861 4157 mi-

314 4190 381 4247 litis,
396 4190 469 4239 miles
483 4190 634 4249 mercatoris,
646 4190 752 4238 rusticus
765 4188 860 4247 urbani,

314 4269 423 4318 urbanus
440 4270 531 4319 rustici.

348 4348 505 4398 constructio
512 4347 664 4412 pronominis
676 4347 862 4396 demonstrativi

314 4428 469 4477 substantivo
485 4427 637 4476 antecedenti
654 4427 744 4486 additi,
766 4443 781 4475 a
798 4427 862 4474 mul-

315 4510 347 4558 tis
369 4509 494 4558 illustrata
516 4515 565 4567 est,
588 4507 679 4570 optime
700 4507 750 4554 iam
771 4522 787 4554 a
807 4507 862 4555 Ma·

314 4590 386 4638 nutio
394 4591 426 4638 ad
434 4588 561 4641 Ciceronis
569 4587 650 4649 Epist.
660 4586 739 4635 XIII.
748 4586 788 4635 28.
797 4591 862 4634 recte

315 4677 442 4726 monente,
460 4669 524 4718 illud
540 4682 591 4715 non
607 4666 739 4716 abundare.
769 4667 861 4723 Fuere,

907 2443 950 2506 qui
967 2443 1093 2492 abundare
1110 2451 1134 2492 et
1151 2444 1235 2492 abesse
1252 2456 1323 2506 posse
1340 2443 1457 2503 dicerent,

907 2523 933 2570 in
951 2523 1002 2583 his,
1020 2525 1086 2587 quod
1102 2525 1186 2583 misor,
1196 2524 1330 2573 Ruhnken.
1345 2524 1455 2572 adVell.

906 2603 1003 2652 Patere.
1012 2604 1048 2653 ΙΙ.
1060 2606 1101 2656 79.
1110 2611 1135 2653 et
1146 2605 1177 2652 ad
1187 2604 1286 2652 Terent.
1295 2603 1410 2652 Eunuch.
1421 2603 1455 2652 V.

906 2696 943 2732 1v.
962 2683 986 2730 6.
1020 2683 1099 2743 Raro,
1116 2682 1143 2730 ni
1160 2682 1246 2741 fallor,
1264 2681 1348 2730 abesse
1363 2689 1455 2745 potest,

905 2762 959 2810 sine
976 2763 1122 2811 detrimento
1138 2762 1329 2825 perspicuitatis:
1347 2761 1455 2825 plerum-

905 2856 953 2904 que
976 2842 1028 2890 vim
1050 2842 1118 2890 addit
1139 2840 1256 2898 orationi,
1284 2854 1329 2889 nec
1348 2839 1456 2887 dubitari

905 2928 997 2985 potest,
1022 2921 1083 2985 quin
1104 2920 1245 2982 scriptores,
1268 2919 1378 2983 apposito
1399 2934 1454 2983 pro·

905 3000 1016 3057 nomine,
1034 3000 1172 3062 elegantius
1189 3012 1216 3047 se
1232 3012 1285 3046 esse
1301 2999 1395 3047 locutos
1409 3014 1453 3062 pu-

904 3078 1020 3128 taverint,
1038 3079 1070 3127 In
1078 3078 1216 3128 Horatiano
1230 3077 1329 3141 quidem
1339 3077 1454 3141 exemplo

904 3157 951 3205 illa
971 3158 1073 3206 omnino
1096 3157 1267 3222 postulabatur
1283 3164 1383 3220 propter
1399 3173 1453 3206 coa·

904 3242 997 3286 tentus.
1032 3235 1082 3287 Sed
1103 3250 1166 3301 pone
1183 3236 1264 3294 aliud,
1282 3252 1305 3284 v,
1322 3250 1343 3284 c.
1374 3237 1453 3284 Nemo

903 3333 979 3379 qaum
996 3319 1045 3366 sibi
1061 3323 1154 3366 sortem
1170 3319 1239 3366 ratio
1255 3318 1332 3374 dedit,
1344 3318 1451 3365 laudat:

904 3394 946 3442 vel
954 3395 989 3443 sic
997 3408 1071 3457 aegre
1079 3409 1218 3443 careremus
1227 3411 1289 3444 eum.
1311 3395 1363 3443 Pro
1376 3411 1452 3458 qaum

902 3480 1007 3530 sortem,
1024 3474 1113 3523 dicitur
1128 3482 1152 3523 et
1164 3481 1256 3524 sortem
1269 3490 1352 3537 quam.
1369 3475 1451 3523 Nemo
1466 3476 1468 3481 ’

903 3562 1007 3613 sortem,
1024 3570 1099 3618 quam
1115 3556 1179 3604 ratio
1195 3555 1270 3612 dedit,
1286 3569 1341 3602 eam
1357 3553 1451 3603 laudat.

903 3635 939 3685 Ut
960 3635 1018 3684 Liv.
1036 3636 1057 3684 Ι.
1075 3635 1115 3684 59.
1152 3635 1287 3693 Culmum,
1313 3649 1385 3696 quera
1405 3637 1451 3683 sub

902 3719 968 3764 veste
985 3716 1099 3764 abditum
1117 3713 1231 3773 lubebat,
1253 3729 1309 3762 eam
1335 3715 1362 3761 itt
1382 3716 1453 3762 corde

902 3794 996 3857 dcfipt't.
1030 3794 1136 3842 Rectum
1161 3807 1257 3856 quoquc
1282 3800 1357 3850 esset,
1379 3809 1451 3854 quiem

902 3876 1020 3922 cultrum.
1054 3874 1121 3923 Hine
1137 3873 1260 3936 explicem
1278 3872 1342 3920 illud
1359 3875 1451 3922 Urbem

902 3967 978 4013 quom
1000 3957 1084 4000 statuo
1103 3957 1188 4000 uestro
1204 3958 1249 4000 est.
1282 3953 1340 4001 Non
1356 3953 1450 4001 differt:

902 4047 978 4092 quom
1001 4032 1087 4080 struem
1108 4034 1206 4087 statuo,
1228 4036 1312 4078 vestra
1333 4037 1377 4079 est.
1411 4031 1450 4079 Ibi

902 4109 1024 4158 omittitur
1040 4125 1077 4157 eu.
1110 4108 1162 4156 Par
1180 4107 1231 4156 fere
1250 4109 1356 4156 radoin
1373 4108 1450 4158 Grae·

902 4189 951 4245 cis,
965 4189 995 4236 de
1008 4203 1057 4252 qua
1069 4188 1214 4250 interpretes
1228 4189 1259 4235 ad
1272 4188 1354 4250 Epist.
1364 4188 1450 4236 Paulli

903 4271 934 4318 ad
953 4267 1065 4317 Corinth.
1083 4267 1104 4317 1.
1122 4281 1149 4316 X.
1169 4268 1207 4316 16.
1241 4267 1326 4330 Atque
1349 4268 1383 4314 ita
1400 4267 1449 4314 iam

903 4345 1036 4397 Clarkium
1061 4347 1182 4410 accepisse
1203 4345 1275 4395 video
1295 4347 1326 4393 ad
1350 4345 1450 4396 Caesar.

904 4427 934 4474 B.
953 4425 1006 4476 Cir.
1026 4440 1044 4473 1.
1061 4425 1101 4474 41.
1137 4427 1206 4474 Pons
1226 4427 1270 4489 qui
1279 4424 1374 4488 fuerat
1391 4432 1450 4476 tem·

902 4511 1002 4567 pestate
1018 4506 1192 4566 interruptus,
1209 4519 1286 4567 aeque
1301 4508 1357 4554 erut
1374 4506 1451 4569 resec-

906 4587 960 4640 tus,
978 4583 1043 4631 tunc
1059 4587 1135 4630 noctu
1151 4581 1240 4645 perfici
1255 4582 1337 4630 tacut.

940 4663 1039 4710 Laudat
1048 4662 1148 4710 diuersa
1157 4666 1292 4723 sequentes.
1311 4661 1450 4723 Sequentia,

1297 4743 1312 4802 l
