3750 5759
831 724 1013 788 LIBER
1058 725 1083 789 Ι.

425 909 652 995 Contemplere
676 909 796 991 oculis,
824 909 979 994 Hypsaea
1005 911 1127 976 caecior
1152 912 1229 994 illa,

425 1013 514 1094 Quae
536 1013 625 1078 mala
648 1019 745 1096 sunt,
770 1017 906 1097 spectes.
945 1013 997 1096 „O
1020 1015 1109 1080 crus!
1134 1038 1153 1079 o
1176 1015 1348 1080 brachial'’

1380 1013 1502 1078 Verum

423 1113 588 1202 Depygis,
613 1122 750 1200 nasuta,
775 1116 865 1182 brevi
889 1117 990 1183 latere
1013 1139 1050 1183 ae
1072 1119 1154 1204 pede
1177 1120 1276 1204 longo
1300 1123 1358 1184 est.

422 1219 593 1285 Matronae
615 1225 743 1306 praeter
766 1219 884 1286 faciem
907 1220 957 1284 nil
981 1243 1109 1288 cernere
1133 1223 1258 1309 possis,

421 1320 554 1405 Cetera,
578 1323 614 1387 ni
639 1323 733 1389 Catia
756 1328 822 1406 est,
847 1322 991 1389 demissa
1014 1330 1105 1390 veste
1129 1326 1280 1410 tegentis.

422 1425 458 1491 Si
481 1424 657 1493 interdicta
678 1433 789 1514 petes,
814 1427 901 1494 vallo
925 1428 1145 1513 circumdata,
1171 1429 1265 1515 (nam
1289 1434 1321 1495 te

420 1528 492 1595 Hoc
516 1529 596 1596 facit
619 1530 790 1620 insanum)
814 1532 939 1598 multae
964 1532 1025 1598 tibi
1050 1539 1123 1599 tum
1146 1534 1290 1600 officient
1312 1557 1380 1617 res,

420 1633 600 1718 Custodes,
624 1635 755 1720 lectica,
780 1635 967 1720 ciniflones,
992 1638 1172 1723 parasitae,

373 1809 398 1850 et
419 1803 615 1853 Wnstemannus
636 1807 667 1853 ad
689 1806 776 1854 Horat.
795 1806 868 1856 Satir.
886 1805 922 1855 II.

372 1894 402 1930 11.
420 1884 460 1932 33.

406 1963 546 2014 Matronae
569 1971 672 2028 praeter
690 1965 788 2030 faelem
812 1968 850 2015 nit
871 1982 921 2016 eer-

371 2057 430 2090 nere
454 2046 542 2104 possis.
580 2044 684 2093 Lucian.
710 2045 777 2094 Dial.
800 2045 864 2093 Mer.
884 2046 921 2094 11.

345 2147 347 2151 ·
372 2120 433 2179 εἶδες
451 2121 476 2171 δὲ
493 2122 559 2182 ὅλην
575 2123 687 2189 ἀκριβῶς
693 2161 701 2186 ,
712 2125 729 2184 ἢ
740 2126 769 2174 τὸ
782 2123 922 2188 πρόσωπον

370 2201 466 2264 μόνον,
487 2202 530 2250 καὶ
547 2200 596 2251 ὅσα
613 2205 658 2252 rori
676 2204 795 2269 σώματος
812 2204 921 2269 φανερὰ;

406 2281 541 2343 Custodes,
562 2284 663 2340 10011011,
686 2284 826 2347 arenianes,
843 2298 921 2345 para-

369 2362 442 2410 strae.
463 2361 559 2410 Versus
572 2361 635 2410 mihi
648 2362 721 2412 valde
733 2368 860 2426 suspectus
876 2370 920 2411 est.

371 2439 570 2490 Grammaticnm
590 2442 699 2505 aliquem
715 2442 832 2492 adiecisse
848 2450 919 2506 pute,

371 2521 402 2568 ad
414 2521 591 2584 explicandum
602 2522 680 2571 illud:
697 2526 793 2572 rnnltae
806 2525 853 2571 1111
865 2529 921 2573 tarn

330 2607 333 2611 '
370 2601 483 2662 officient
503 2617 552 2650 rea.
585 2600 708 2651 Horatius
733 2601 760 2650 in
782 2603 829 2650 hac
850 2609 920 2666 parte

370 2680 490 2728 sermonis
512 2686 612 2728 tantum
634 2681 801 2730 demonstrat:
824 2681 850 2729 in
868 2696 919 2730 cor-

369 2772 427 2820 pore
453 2766 581 2808 matronae
606 2758 669 2807 nihil
697 2759 803 2822 spectari
827 2768 919 2824 potest,

369 2839 416 2887 nisi
431 2838 518 2899 saciea;
533 2845 631 2888 caetera
642 2838 727 2888 omnia
742 2847 873 2902 teguntur:
891 2841 918 2890 in

369 2931 470 2981 corpore
486 2918 591 2968 libertae
602 2919 687 2967 omnia
698 2926 828 2981 apparent,
839 2933 918 2984 eaque

965 1814 1102 1857 mentatore
1119 1808 1208 1858 melius
1221 1808 1346 1871 legeretur
1354 1810 1382 1856 tn
1394 1810 1510 1857 cinerem.

964 1886 1086 1937 Putantes
1102 1888 1179 1951 igitur
1190 1889 1319 1951 0111110001
1336 1893 1360 1936 01
1372 1887 1511 1936 cinerarios

964 1979 1016 2014 esse
1036 1966 1147 2016 eiusdem
1169 1966 1371 2030 significationis,
1393 1966 1510 2027 interpre-

964 2045 1010 2093 tati
1034 2054 1093 2094 sunt
1114 2046 1195 2096 verbis
1222 2046 1272 2096 fere
1296 2045 1395 2102 iisdem,
1421 2044 1510 2107 quibua

963 2123 1047 2174 Varro
1064 2127 1094 2175 de
1110 2127 1141 2175 L.
1151 2126 1183 2175 L.
1194 2125 1229 2175 V.
1247 2141 1271 2188 p.
1287 2125 1340 2174 132.
1357 2125 1509 2174 cinerarium.

965 2203 1164 2267 Calarnlatrunr,
1181 2205 1228 2264 ait,
1251 2207 1373 2268 quoditie
1390 2204 1510 2268 calsaotr'a

963 2284 991 2331 ln
1014 2285 1097 2334 cinere
1121 2287 1231 2348 cap-ittae
1256 2290 1373 2334 ornatur.
1410 2285 1464 2342 Qut
1479 2300 1509 2332 eo

963 2364 1140 2423 rnlntrtrobat,
1163 2380 1179 2411 a
1201 2365 1285 2412 cinere
1305 2364 1449 2412 cinerarius
1473 2369 1510 2413 est

962 2444 1112 2504 appellatus.
1138 2442 1234 2492 Utrum
1252 2443 1337 2492 Varro
1358 2443 1509 2492 cinerarium

961 2527 1040 2581 recte,
1058 2537 1105 2581 an,
1124 2523 1190 2587 quod
1207 2522 1243 2570 illi
1260 2523 1327 2570 haud
1339 2536 1394 2570 raro
1411 2522 1512 2581 00001111,

961 2615 1030 2649 secus
1047 2617 1063 2650 a
1084 2604 1166 2652 cinere
1182 2601 1289 2660 derivet,
1311 2616 1378 2649 nunc
1400 2601 1462 2650 nihil
1479 2605 1510 2651 ad

961 2695 1012 2731 nos.
1041 2680 1157 2731 Verbum
1178 2681 1258 2743 ipsum
1280 2681 1394 2738 extabat,
1416 2682 1447 2729 de
1470 2696 1509 2729 or·

961 2762 1044 2809 nando
1060 2758 1146 2808 calidis
1167 2759 1314 2808 calamistris
1333 2759 1422 2822 capillo
1438 2775 1508 2808 usur·

961 2841 1074 2902 pabatur,
1084 2847 1145 2888 teste
1156 2838 1283 2896 Varrone,
1292 2845 1317 2887 et
1330 2838 1444 2902 exempla
1454 2854 1509 2888 ver·
1521 2853 1527 2864 ¹

961 2919 986 2967 bi
1003 2921 1029 2968 in
1047 2919 1147 2970 Catullo
1163 2924 1187 2967 et
1204 2918 1259 2967 aliis
1276 2925 1421 2981 supersunt:
1443 2921 1507 2968 etni-

368 2997 532 3048 inreninntur
547 2997 694 3062 plerumque
711 2998 917 3062 longcpulchrio
954 2999 1033 3061 flente
1049 2999 1148 3048 nullum
1165 3004 1275 3062 superest
1291 2998 1446 3062 exemplum,
1460 2999 1509 3048 nisi

369 3092 409 3138 ra,
434 3092 512 3142 qnam
533 3078 560 3126 in
580 3092 682 3141 corpore
703 3085 839 3128 matronae.
877 3080 917 3129 De

369 3157 558 3206 difficultatibus
579 3166 708 3207 matronae
733 3159 917 3209 conveniendae

369 3239 408 3304 hic
423 3253 476 3288 non
492 3239 585 3303 agitur.
602 3239 656 3287 Has
668 3240 753 3302 attigit
769 3255 806 3288 11.
821 3239 869 3288 120
880 3255 916 3303 sq.

369 3317 464 3368 Omitto
480 3321 606 3369 custodes:
628 3318 716 3367 omitto
733 3334 831 3382 quoque
848 3323 916 3370 teeti·

368 3415 423 3449 eam
443 3405 468 3448 et
488 3400 633 3462 parandas,-
655 3413 806 3462 quamquam
829 3400 916 3460 fatcor,

369 3492 408 3528 me
429 3492 481 3526 non
506 3478 566 3526 satis
587 3478 736 3541 perspicere,
760 3480 816 3542 quis
850 3494 916 3528 nunc

368 3555 435 3606 locus
453 3557 507 3605 dari
517 3557 594 3620 possit
605 3557 714 3617 lecticae,
727 3573 786 3607 cum
798 3574 837 3608 res
849 3560 914 3608 domi

368 3636 399 3684 111
414 3638 525 3701 agenda;
549 3652 629 3701 neque
649 3638 731 3686 simile
751 3637 810 3686 huic
832 3653 915 3687 exem-

368 3715 439 3778 plum
455 3716 507 3766 vidi
523 3724 651 3766 matronae
667 3716 781 3765 habentis
798 3732 855 3766 suaa
870 3734 915 3781 pa-

367 3797 473 3855 rasitus,
494 3802 523 3843 nt
545 3794 648 3844 maritus
669 3796 776 3845 habebat
796 3813 915 3858 111011111-

367 3876 468 3924 rasitos.
501 3874 594 3924 Dicam
610 3876 641 3924 de
657 3878 824 3940 ciniflonr'bna
841 3876 915 3927 Com-

368 3959 501 4002 mentator:
525 3955 671 4017 „ciniflones
688 3963 713 4005 et
734 3958 914 4006 0111010111οα-

367 4032 423 4081 dem
444 4032 627 4096 significatione
649 4036 714 4096 apud
736 4041 830 4083 veteres
851 4034 914 4084 dioe-

367 4109 458 4161 bantur
479 4112 511 4161 ab
531 4111 613 4160 officio
634 4112 846 4171 calamistrornm‚
871 4114 915 4177 qui

367 4204 424 4240 acus
446 4198 471 4241 et
487 4197 575 4240 veruta
596 4191 679 4239 flando
700 4194 726 4240 in
747 4192 829 4242 cinere
849 4194 914 4243 cale·

368 4268 502 4330 indebant,
518 4269 608 4333 quibus
625 4277 754 4320 matronae
770 4273 850 4321 crines
866 4273 912 4320 cri-

367 4351 484 4414 spabant:
509 4350 561 4399 eins
586 4356 611 4398 01
636 4350 761 4414 Virgilius
787 4352 914 4413 meminit,

367 4429 494 4494 inquiens,
511 4431 623 4478 vibratos
635 4432 824 4494 calidoserro.“
845 4433 913 4481 Acro

367 4517 390 4558 et
400 4508 544 4574 Porphyrio
555 4509 714 4559 conveniunt.
740 4511 820 4560 Acro:
839 4513 914 4572 „dicti

367 4597 449 4640 antem
463 4589 606 4652 ciniflones,
618 4590 684 4652 quod
695 4590 720 4637 in
733 4591 840 4640 cinerem
854 4590 915 4639 flant

368 4671 397 4718 ad
422 4667 617 4719 calefaciendum
633 4668 737 4731 ferrum,
764 4685 824 4734 quos
842 4676 866 4719 et
882 4671 914 4718 ci·

368 4750 475 4799 aerarios
497 4747 653 4811 appellant,“
674 4751 739 4799 unde
756 4750 822 4805 stain
840 4748 913 4798 Com-

959 3079 1026 3140 quod
1049 3078 1090 3127 hie
1116 3078 1216 3140 legitur.
1258 3078 1342 3127 Varro
1367 3078 1506 3142 ignorabat.

959 3158 1083 3222 Alioquin
1107 3163 1266 3206 memorasset
1291 3157 1344 3220 ipso
1370 3157 1415 3206 illo
1439 3159 1507 3219 1000,

960 3237 1003 3286 ubi
1028 3244 1079 3286 tarn
1103 3238 1185 3294 multa
1209 3238 1240 3286 de
1261 3237 1354 3288 mundo
1375 3242 1400 3285 et
1416 3245 1507 3287 ornatu

959 3315 1087 3376 muliebri,
1109 3316 1253 3378 praesertim
1275 3317 1306 3364 ad
1328 3323 1404 3379 capnt
1425 3324 1449 3366 et
1465 3333 1505 3367 ca·

959 3394 1031 3457 pillos
1051 3395 1210 3459 pertinentia,
1236 3394 1315 3444 affert.
1354 3396 1423 3458 Ergo
1447 3411 1505 3446 nus·

958 3488 1034 3537 quarn
1055 3475 1158 3522 invenit.
1191 3473 1266 3535 Quod
1288 3490 1304 3521 a
1324 3474 1451 3522 nonnullis
1472 3478 1504 3524 ad

959 3554 1130 3603 auctoritatem
1152 3553 1238 3602 Plauti
1259 3559 1419 3617 provocatur,
1437 3569 1506 3604 01101

958 3640 1002 3683 est.
1037 3634 1145 3682 Plautus
1163 3632 1252 3682 Aulul.
1269 3633 1320 3681 111.
1331 3632 1364 3681 V.
1377 3633 1417 3682 35,
1437 3633 1503 3684 Can·

957 3729 1042 3777 pones,
1063 3716 1221 3777 patapr'arli,
1240 3714 1385 3762 indusiorlr'.
1427 3712 1504 3764 Wou-

958 3807 1069 3842 werenus
1096 3793 1128 3841 ad
1150 3793 1252 3842 Patron.
1273 3808 1297 3855 p.
1320 3792 1376 3842 613.
1402 3792 1502 3842 omnino

958 3887 990 3921 ex
1014 3871 1048 3922 V.
1078 3872 1109 3920 E.
1139 3873 1251 3921 Floreat.
1281 3871 1416 3934 legendum
1444 3874 1503 3923 dicit

957 3953 1094 4016 ciniflones.
1113 3952 1140 4002 Si
1149 3954 1210 4001 haec
1226 3967 1315 4000 manus
1333 3959 1397 4002 essct
1407 3952 1504 4012 Plauti,

958 4031 1099 4094 exemplum
1125 4032 1280 4095 diligentiam
1300 4032 1435 4092 Varronis,
1453 4048 1502 4096 qno

957 4123 1030 4158 nemo
1045 4111 1133 4159 melius
1144 4111 1266 4160 Plautum
1278 4110 1439 4174 intelligebat,
1452 4125 1501 4160 non

957 4187 1078 4237 latuisset.

988 4266 1063 4317 Dicet
1088 4268 1191 4318 fortasse
1212 4269 1312 4332 aliquis,
1339 4269 1398 4332 qnid
1424 4278 1503 4330 vetat,

956 4348 1088 4408 quominus
1104 4348 1191 4411 0111110
1208 4356 1262 4410 post
1279 4348 1403 4407 Ennium,
1426 4349 1503 4399 Plau-

956 4433 1023 4486 tum,
1041 4427 1102 4475 alios
1120 4435 1215 4476 veteres
1232 4429 1362 4477 inventum
1384 4429 1430 4488 sit,
1453 4430 1503 4480 imo

955 4507 1007 4570 ipse
1031 4507 1151 4557 Horatius
1174 4509 1330 4572 procuderit‘?
1363 4509 1412 4560 Sed
1439 4525 1504 4561 nova

957 4591 1058 4639 nomina
1079 4588 1150 4637 novis
1172 4589 1244 4636 rebus
1266 4588 1441 4653 imponuntur,
1464 4607 1503 4642 ca-

957 4670 1028 4732 pillos
1046 4667 1194 4717 calamistris
1210 4669 1309 4719 inurerc
1326 4685 1377 4719 non
1394 4680 1448 4722 erat
1465 4688 1503 4724 101

934 4780 936 4809 ÷
958 4765 1029 4799 nora.
1065 4748 1114 4810 Qui
1139 4749 1165 4797 in
1187 4763 1215 4798 eo
1237 4748 1421 4811 ministrabant,
1444 4759 1505 4802 10110
