3750 5759
373 686 434 746 144
759 680 1105 747 SATIRARUM

415 869 562 934 Infantes
586 874 729 952 statuas,
755 891 812 935 seu
834 868 952 954 pingui
975 873 1085 934 tentus
1110 889 1220 933 omaso

414 973 532 1038 Furius
556 973 706 1040 hibernas
729 997 811 1040 cana
833 974 909 1040 nive
931 980 1090 1059 conspuet
1111 973 1222 1058 Alpes.
1433 1060 1436 1065 j

415 1077 554 1160 „Nonne
576 1077 667 1144 vides
677 1081 710 1162 ,“
735 1078 852 1163 aliquis
877 1077 986 1144 cubito
1011 1081 1153 1143 stantem
1176 1098 1276 1162 prope
1298 1080 1436 1160 tangens

413 1180 559 1266 inquiet,
585 1188 646 1265 „ut
667 1183 814 1269 patiens,
839 1186 876 1247 ut
898 1181 1013 1247 amicis
1037 1186 1152 1268 aptus,
1176 1186 1215 1245 ut
1237 1183 1353 1246 acer?“

415 1285 529 1350 Plures
552 1285 722 1352 adnabunt
744 1286 880 1370 thanai,
905 1291 939 1350 et
961 1286 1081 1351 cetaria
1103 1291 1255 1351 crescent.

415 1386 450 1453 Si
473 1387 525 1452 cui
548 1395 713 1474 praeterea
734 1390 863 1455 validus
887 1390 973 1455 maie
998 1389 1087 1455 filius
1111 1389 1145 1454 in
1169 1412 1203 1454 re

414 1492 581 1557 Praeclara
604 1495 754 1560 sublatus
779 1495 902 1579 aletur,
926 1517 968 1560 ne
990 1494 1203 1560 manifestum

414 1593 555 1660 Caelibis
579 1597 770 1683 obsequium
794 1599 896 1664 nudet
918 1605 969 1682 te,
994 1598 1168 1664 leniterin
1193 1619 1284 1683 spem

412 1697 541 1782 Adrepe
564 1701 742 1785 officiosus,
766 1706 805 1767 ut
828 1708 862 1767 et
884 1702 1024 1767 scribare
1048 1701 1208 1766 secundus

413 1810 515 1874 Heres
539 1813 586 1889 et,
611 1806 640 1871 si
663 1805 735 1891 quis
759 1828 852 1871 casus
875 1828 1013 1892 puerum
1036 1805 1138 1890 egerit
1161 1803 1259 1887 Orco,

414 1914 454 1978 In
476 1933 616 1977 vacuum
639 1909 765 1975 venias:
789 1931 916 1996 perraro
939 1909 1018 1975 haee
1042 1909 1113 1974 alea
1135 1909 1230 1974 fallit.

414 2015 478 2096 Qui
502 2018 736 2081 testamentum
761 2013 868 2078 tradet
890 2012 953 2077 tibi
976 2035 1113 2098 eumque
1136 2012 1330 2097 legendum,

410 2120 563 2184 Abnuere
587 2123 620 2182 et
642 2116 771 2181 tabulas
795 2139 815 2181 a
837 2122 870 2181 te
892 2138 1056 2183 removere
1078 2121 1259 2199 memento,

413 2222 466 2288 Sic
489 2227 599 2287 tamen
623 2224 661 2285 ut
683 2220 772 2285 limis
796 2221 919 2306 rapias,
945 2221 1023 2305 quid
1046 2220 1152 2306 prima
1175 2219 1317 2286 secundo

412 2325 493 2390 Cera
514 2325 595 2391 velit
617 2347 728 2403 versu3
753 2324 842 2389 solus
865 2324 1024 2390 multisne
1047 2325 1195 2407 coheres,

367 2479 420 2520 erat
432 2473 561 2523 virescant.
585 2472 694 2522 Gronov.
710 2474 791 2522 virtue
802 2473 913 2521 contrahi
954 2476 982 2522 in
998 2475 1087 2537 quibua
1103 2474 1234 2521 antinoios
1248 2472 1355 2534 piscium
1367 2483 1502 2534 prepossu—

367 2566 437 2615 posse
458 2567 491 2601 ex
511 2555 619 2602 virtutes
641 2553 813 2601 arbitrabatur.
848 2553 913 2602 Mihi
952 2555 1071 2615 pinarets

368 2647 455 2681 verum
471 2634 581 2692 videtur,
599 2635 664 2696 quod
681 2633 775 2681 editum
791 2636 913 2681 esteires-
988 2636 1027 2681 Ne
1049 2632 1213 2694 nranifestam
1236 2629 1341 2679 overran
1358 2628 1502 2689 obsequium

368 2713 404 2760 eit
421 2713 634 2770 vulnerabimus,
651 2712 705 2770 rel,
726 2712 792 2775 quod
813 2712 855 2760 alii
872 2727 913 2760 vo
954 2715 1031 2762 nudet
1048 2717 1079 2761 te.
1100 2712 1237 2774 Iungemus
1254 2707 1418 2770 manifestam
1435 2709 1501 2755 obae-

367 2789 435 2849 lunt,
451 2793 768 2841 virescantr÷a1nerevtree.
785 2792 821 2841 Ut
829 2799 857 2839 ut
865 2799 913 2848 est,
953 2793 1050 2854 quiam,
1068 2806 1100 2838 an
1118 2797 1143 2839 te
1158 2787 1338 2851 manifestum?
1364 2785 1392 2836 Si
1409 2792 1433 2834 te
1448 2802 1500 2837 ma.

367 2872 441 2934 poiita
461 2873 580 2920 virescere
596 2871 669 2919 finxit
685 2887 701 2918 a
722 2873 828 2930 viribus,
849 2873 913 2935 quod
953 2872 1088 2933 nifastem,
1103 2870 1236 2928 Horatius,
1252 2867 1429 2930 credo,potius
1441 2866 1500 2914 seri-

369 2964 402 2998 ex
418 2949 499 2997 verbis
516 2949 591 2999 Gellii
601 2957 715 3012 apparet:
734 2949 865 3012 „pristinas
878 2951 913 2998 vi·
954 2951 1040 3013 psisset
1057 2951 1220 3012 manifestam
1248 2950 1354 2997 Caeltbis
1375 2949 1500 3009 obsequii:

369 3043 409 3077 res
426 3030 562 3091 reciperare
582 3031 725 3079 virescere.“
758 3029 842 3090 Quare
863 3045 914 3078 non
954 3037 981 3077 ut
1000 3029 1100 3079 Sallust.
1117 3031 1174 3092 Iug.
1191 3029 1231 3078 ab.
1257 3027 1414 3089 Manifestus
1432 3028 1500 3074 tanti

370 3109 492 3156 assentior
516 3107 665 3165 Doderlino,
690 3109 787 3170 putanti
810 3109 913 3157 Furium
953 3111 1057 3158 sceleris.
1092 3109 1140 3158 Sed
1156 3109 1183 3155 in
1199 3107 1499 3170 utraqueccnstructione

369 3187 474 3236 scribere
489 3188 598 3251 potuisse
613 3191 741 3237 vivescant
756 3187 796 3236 vel
811 3191 913 3238 reuirea.
953 3189 1096 3253 obsequium
1119 3195 1143 3237 te
1163 3189 1270 3236 nudabit
1290 3187 1327 3234 ita
1347 3186 1497 3242 sufficiebat,

369 3267 640 3326 eant,avasaatovn.
669 3269 913 3331 Quodadmutatam
954 3276 981 3316 ut
1005 3284 1077 3317 nemo
1102 3269 1258 3316 desideraret.
1296 3267 1346 3328 Qui
1371 3270 1498 3322 andane,

370 3363 386 3394 a
395 3348 472 3396 Furio
483 3348 687 3412 significationem
699 3349 808 3413 infantie
819 3349 913 3407 attinet,
954 3348 1019 3397 hune
1035 3350 1193 3414 manifestant
1210 3348 1288 3397 teneri
1305 3362 1344 3396 res
1355 3347 1410 3410 ipsa
1420 3347 1497 3411 loqui-

369 3426 509 3491 Porphyrio
533 3428 665 3477 Horatium
690 3429 817 3477 verbosis
840 3442 913 3476 usum
953 3436 1007 3489 tur,
1024 3444 1070 3477 nec
1085 3429 1133 3478 tale
1150 3429 1253 3477 verbum
1264 3427 1429 3490 explicatione
1440 3441 1495 3490 ege·

369 3520 422 3554 esse
437 3514 508 3569 putat
524 3506 597 3557 Satir.
614 3509 635 3558 I.
653 3522 690 3557 vr.
707 3510 747 3560 57.
763 3511 851 3572 insane
862 3525 912 3571 pu·
953 3509 1001 3557 bat.
1035 3509 1132 3572 Egebat
1146 3509 1227 3572 magis
1247 3509 1351 3557 coelibis.
1383 3508 1497 3556 Fortasse

370 3587 423 3635 dor.
457 3588 635 3645 „Manifestum
652 3594 689 3636 est
703 3589 914 3651 infantemanon
952 3589 1096 3652 legendum:
1114 3591 1155 3638 Ne
1171 3587 1297 3649 manifesti
1320 3588 1426 3637 Coclitis
1436 3590 1495 3637 obse·

365 3667 448 3728 sanda
464 3682 530 3717 nunc
546 3667 649 3726 dixisse;
670 3681 716 3715 nec
737 3666 803 3714 enim
824 3667 856 3714 ad
872 3681 912 3715 ae·
954 3672 1040 3732 quiam
1056 3671 1135 3718 nudet
1151 3674 1182 3717 te.
1215 3667 1291 3716 Recte
1301 3666 1382 3716 Acro:
1402 3666 1494 3726 „Coeli-

369 3751 446 3792 tatem
463 3746 566 3794 relatum
583 3752 644 3796 est.“
676 3749 711 3796 Iit
727 3746 825 3809 loquela
835 3746 913 3794 infan·
954 3752 1005 3807 bie,
1029 3748 1134 3798 hominis
1159 3747 1212 3795 sine
1241 3747 1349 3795 liberis.“
1383 3744 1494 3794 Habebat

370 3823 433 3871 tium
449 3833 474 3873 et
489 3834 615 3874 mutorum
633 3836 670 3875 est
689 3828 782 3876 eadem.
817 3826 865 3876 Sed
887 3829 913 3875 in
954 3829 1053 3893 quidem
1069 3827 1112 3875 ille
1128 3827 1222 3885 filiurn,
1239 3827 1282 3875 sed
1298 3834 1351 3875 tam
1373 3825 1438 3873 male
1454 3839 1493 3871 va·

371 3902 418 3949 ista
443 3902 540 3967 loquela
564 3913 647 3953 tamen
671 3913 709 3953 est
735 3921 823 3962 annas,
856 3915 914 3955 sunt
954 3909 1043 3962 lidum,
1061 3914 1090 3955 ut
1106 3922 1179 3956 nemo
1195 3907 1333 3963 dubitaret,
1350 3907 1411 3969 quin
1429 3902 1494 3952 brevi

370 3981 518 4047 κνυζήματα
530 3983 622 4048 ἄσημα.
650 3986 719 4048 Ergo
729 3985 911 4047 inepteadsta-
953 3995 1018 4038 esset
1032 3987 1174 4036 moriturus.
1199 3973 1269 4048 Iirgc
1285 3991 1355 4049 pater
1370 3985 1494 4032 iamnunc

370 4069 440 4109 tuam
457 4062 595 4112 referretur.
954 4068 1024 4132 quasi
1040 4067 1135 4116 coelebs
1146 4073 1208 4128 erat,
1219 4073 1272 4115 erat
1283 4066 1437 4129 manifestae
1448 4078 1494 4112 cae·

405 4142 509 4192 Cetaria
517 4150 633 4193 nascent.
645 4142 913 4205 Commentatcr:„Oe·
954 4149 1015 4205 leba,
1032 4161 1117 4195 omnes
1139 4147 1166 4194 in
1187 4161 1227 4204 eo,
1249 4144 1361 4210 quamvis
1378 4144 1445 4192 filius
1460 4143 1492 4190 vi·

370 4225 434 4271 taria
449 4224 574 4274 locarunt
591 4225 662 4274 iuxta
678 4226 772 4284 laeum,
789 4227 831 4274 ubi
847 4233 913 4286 cete,
953 4233 1033 4287 reret,
1050 4229 1099 4275 iarn
1115 4241 1184 4275 nunc
1198 4226 1285 4274 orbum
1301 4222 1470 4287 agnoscebant.

370 4307 455 4367 tymi,
476 4313 501 4355 et
521 4305 564 4354 alii
586 4305 662 4369 pisces
683 4306 747 4369 eapti
768 4306 913 4356 saliantur.“
986 4307 1146 4356 Doderlinus:
1164 4307 1289 4365 ‚neura
1304 4304 1351 4352 ie.
1369 4311 1491 4366 tamquam

370 4385 515 4448 Lugendum
543 4387 700 4448 supinantur.
727 4386 819 4436 Seneca
834 4386 913 4450 Epist.
953 4386 1058 4436 coelibis.
1091 4386 1141 4434 Hic
1156 4392 1238 4434 autem
1254 4384 1350 4432 coelebs
1366 4388 1492 4432 nontanto

370 4467 410 4514 90.
448 4468 553 4515 Vinaria
566 4467 688 4528 pusiam,
709 4467 736 4514 in
753 4468 797 4515 boe
812 4467 914 4526 clausa,
953 4466 1068 4529 obsequio
1085 4465 1200 4514 colendus
1217 4470 1266 4523 est,
1283 4470 1376 4527 quanto
1392 4463 1434 4526 qni
1444 4463 1490 4510 iam

370 4551 402 4592 at
424 4551 599 4606 tempestatum
617 4547 733 4608 pericula
757 4561 807 4594 non
830 4547 914 4594 adiret
952 4559 1039 4594 revera
1055 4551 1104 4604 est,
1124 4559 1156 4592 ne
1176 4545 1263 4608 prodat
1279 4543 1394 4592 morbum
1409 4541 1454 4590 filii
1469 4548 1491 4588 et

368 4627 442 4687 atala,
456 4632 483 4675 et
497 4627 612 4689 quamvis
627 4628 747 4676 armate
759 4627 847 4688 pelaao
862 4639 913 4673 rae·
953 4639 1021 4687 spem
1040 4624 1149 4672 orbitatis
1170 4637 1223 4672 esse
1247 4638 1359 4672 caussam
1377 4619 1490 4671 adulatio-

370 4705 460 4762 aiem,
482 4706 581 4753 baberet
608 4707 713 4754 lastaria
734 4711 825 4769 partas
844 4720 913 4766 aava,
953 4704 1015 4752 nis.“
