3750 5759
395 671 466 789 '118
799 722 1148 789 SATIRARUM

448 910 625 995 Octoginta
647 930 750 974 annos
773 915 890 990 natus,
915 909 969 973 cui
993 907 1140 993 stragula
1164 908 1285 989 vestis,

449 1013 635 1078 Blattarum
658 1035 695 1079 ae
719 1013 882 1078 tinearum
907 1013 1040 1098 epulae,
1064 1016 1232 1097 putrescat
1255 1011 1290 1075 in
1314 1033 1406 1077 arcae

447 1117 614 1182 Nimirum
638 1117 775 1182 insanus
799 1116 911 1202 paucis
935 1116 1103 1199 videatur,
1127 1138 1164 1181 eo
1189 1115 1276 1201 quod

448 1220 596 1286 Maxima
618 1243 693 1306 pars
717 1220 890 1286 hominum
913 1221 1027 1285 morbo
1051 1220 1191 1285 iactatur
1213 1218 1336 1284 eodem.

446 1324 552 1389 Filius
577 1330 635 1389 aut
658 1324 758 1390 etiam
780 1325 860 1389 haec
884 1324 1021 1389 libertus
1045 1327 1083 1388 ut
1106 1324 1217 1388 ebibat
1239 1323 1352 1405 beree,

446 1429 506 1494 Dis
531 1428 663 1494 inimice
680 1451 804 1510 senar,
829 1429 997 1494 custodis?
1017 1463 1063 1478 ·—-
1086 1428 1136 1493 Ne
1159 1428 1220 1493 tibi
1244 1427 1348 1493 desit?

449 1531 654 1611 Quantulum
678 1532 766 1596 enim
790 1553 939 1596 summae
962 1531 1104 1596 curtabit
1127 1530 1264 1616 quisque
1287 1529 1432 1613 dierum,

445 1635 577 1720 Ungere
601 1635 629 1699 si
653 1635 762 1700 caules
786 1634 857 1699 oleo
880 1633 1015 1699 meliore
1039 1638 1202 1719 caputque

446 1738 597 1824 Coeperis
621 1738 753 1824 impexa
775 1739 907 1804 foedum
930 1738 1117 1824 porrigine?
1164 1738 1285 1822 Quare,

447 1841 483 1907 Si
506 1841 636 1928 quidvis
662 1841 742 1907 satis
767 1846 833 1926 est,
858 1841 1023 1927 periuras,
1050 1841 1206 1927 surripis,
1231 1841 1338 1907 aufers
1418 1882 1421 1888 ·

444 1945 618 2030 Undique?
664 1945 745 2009 'lun'
770 1948 888 2011 sanus?
935 1946 1100 2031 Populum
1124 1946 1151 2011 si
1175 1946 1306 2011 caedere
1329 1944 1418 2010 saxis

446 2047 588 2133 Incipias
614 2070 783 2132 servosve,
808 2054 866 2113 tuo
889 2071 970 2134 quos
995 2071 1066 2115 aere
1090 2049 1232 2135 pararis,

445 2153 605 2217 Insanum
629 2158 661 2217 te
685 2174 799 2218 omnes
823 2153 916 2238 pueri
939 2153 1146 2238 clamentque
1169 2153 1313 2238 puellae:

445 2255 554 2335 Quum
576 2256 693 2341 laqueo
715 2279 850 2322 uxorem
875 2256 1038 2322 interimis
1062 2264 1265 2342 matremque
1288 2278 1431 2339 venene,

445 2358 608 2422 Incolumi
623 2359 729 2443 capite
746 2363 800 2424 es?
825 2360 912 2440 Quid
929 2361 1037 2425 enim?
1057 2360 1171 2444 Neque
1183 2365 1220 2424 tu
1230 2360 1291 2424 hoc
1303 2359 1385 2425 facis
1404 2360 1529 2447 Argis,

443 2461 511 2525 Nec
534 2461 618 2526 ferro
641 2471 680 2527 ut
703 2463 836 2529 demens
859 2463 1054 2549 genitricem
1078 2463 1198 2529 occidis
1224 2463 1363 2530 Orestes.

443 2565 498 2628 An
521 2569 558 2629 tu
581 2565 660 2630 reris
685 2589 760 2631 eum
783 2566 889 2632 occisa
912 2566 1074 2632 insanisse
1097 2571 1250 2653 parente,

443 2669 493 2733 Ac
516 2691 582 2733 non
605 2676 682 2734 ante
704 2670 801 2734 malis
826 2670 1012 2734 dementem
1036 2674 1147 2735 actum
1171 2670 1296 2753 Furiis,
1321 2692 1420 2756 quarn

444 2772 485 2836 In
508 2773 623 2838 matris
647 2774 761 2859 iugulo
777 2773 900 2838 ferrum
924 2773 1077 2858 tepefecit
1100 2776 1253 2839 acutum?

447 2875 535 2955 Quin
558 2899 598 2943 ex
621 2899 686 2962 quo
709 2881 760 2943 est
782 2877 915 2942 habitus
941 2877 1026 2942 male
1050 2882 1141 2942 tutae
1163 2877 1285 2943 mentis
1311 2876 1464 2961 Orestes,

400 3075 432 3122 111
456 3075 621 3125 incubantem.
656 3076 817 3135 stramentis,
847 3090 879 3123 ne
904 3076 950 3123 isto
991 3078 1108 3125 valetudo
1124 3081 1194 3135 tata,
1215 3083 1254 3135 et,
1272 3080 1300 3125 ia
1317 3079 1466 3140 quaomnia
1483 3081 1548 3130 haer

400 3154 500 3216 quidem
526 3156 624 3204 nomine
650 3157 740 3218 dignis.
778 3154 860 3203 Valde
888 3155 949 3203 mihi
991 3163 1064 3213 aaut,
1088 3159 1111 3204 ia
1132 3173 1163 3205 err
1185 3163 1238 3205 toto
1260 3163 1330 3205 tatae
1350 3164 1399 3206 eat:
1419 3165 1448 3206 ut
1470 3165 1548 3210 rurus

400 3233 492 3283 arridet
500 3234 613 3283 Horkelii
621 3238 768 3284 stramenta
778 3237 876 3284 incubet
884 3237 949 3283 udis.
992 3235 1041 3284 fere
1063 3237 1163 3298 perinde
1184 3236 1216 3284 sit
1236 3250 1266 3285 aa
1289 3251 1379 3295 ranae,
1400 3238 1546 3288 incolumia.

400 3313 466 3374 quod
484 3315 624 3363 Meinekius
642 3316 740 3378 recepit.
991 3314 1072 3365 Credo
1088 3316 1209 3379 equidem.
1243 3316 1310 3364 Nam
1331 3315 1472 3379 inscriptis
1490 3332 1545 3368 me-

435 3392 587 3443 Doderlinus
603 3409 661 3442 cum
678 3394 781 3458 Apitzio
798 3395 886 3457 respici
903 3410 949 3458 pu·
990 3396 1119 3454 dirorum,
1144 3397 1175 3444 de
1201 3398 1345 3445 valetudine
1369 3396 1545 3459 loquentium,

399 3483 436 3524 tat
452 3490 549 3534 senem,
565 3483 652 3523 notum
670 3490 699 3523 eo
716 3483 949 3538 temporeavarum,
991 3480 1063 3524 1111111
1092 3475 1229 3524 necessario
1258 3474 1382 3538 signifieat
1411 3482 1499 3526 tutum
1525 3495 1546 3528 α

400 3557 443 3619 qui
459 3562 518 3604 tunc
535 3570 628 3603 annum
641 3556 727 3603 aetatis
738 3555 949 3618 septuagesimum
983 3556 1089 3603 martia.
1122 3554 1172 3604 Sed
1193 3561 1261 3603 tutus
1281 3569 1325 3617 per
1346 3568 1373 3602 ee
1392 3568 1443 3602 non
1460 3563 1547 3619 potest

399 3649 492 3683 nonum
509 3635 590 3696 ipsum
607 3633 759 3697 impleverat.
793 3634 833 3681 Ita
849 3648 949 3697 quoque
989 3633 1130 3696 significare
1147 3650 1250 3693 eanum,
1272 3635 1355 3683 minus
1376 3634 1453 3683 etiam
1470 3638 1494 3685 si
1510 3639 1545 3687 da

399 3714 487 3776 aoeipit
503 3713 557 3773 illa,
575 3716 645 3762 mille
661 3715 745 3772 cada,
760 3713 826 3761 nibil
844 3719 893 3770 eet,
910 3721 950 3762 rer
990 3719 1071 3762 meare
1082 3714 1172 3776 agitur.
1189 3713 1324 3778 Eleganter
1334 3714 1429 3763 dictum
1441 3724 1493 3774 eet,
1505 3718 1544 3767 ait

398 3799 499 3842 centum
515 3791 638 3849 millibus,
655 3792 672 3839 i.
689 3806 710 3839 e.
728 3805 846 3840 numerus
863 3799 949 3841 rotun·
989 3792 1543 3852 Bentleius‚maletutaeutmulesaaae.Con·

400 3872 447 3919 dus
464 3873 534 3920 atille
550 3870 612 3919 nihil
630 3878 680 3930 est,
697 3885 756 3934 prae
773 3884 878 3920 numero
890 3887 949 3921 vero
989 3873 1115 3929 cederem,
1132 3875 1153 3921 si
1168 3880 1284 3935 ageretur
1301 3874 1332 3922 de
1349 3876 1441 3922 raorbta
1451 3875 1543 3937 animi,

400 3957 440 4000 ter
456 3956 556 4000 rentum
573 3952 694 3999 millibus.
989 3966 1053 4015 quae
1075 3959 1139 4000 esset
1157 3953 1299 4001 morborum
1317 3953 1421 4002 istorum
1438 3969 1543 4017 caussa,

434 4031 553 4081 Servosne
562 4037 606 4080 tuo
616 4047 677 4094 quor
688 4047 745 4080 aere
753 4034 865 4095 pararit.
880 4031 948 4082 Olim
989 4032 1048 4096 quid
1065 4034 1097 4080 ad
1113 4034 1235 4082 cavendos
1252 4040 1277 4081 et
1293 4034 1416 4082 sanandos
1433 4034 1542 4094 faceret,

399 4110 527 4174 legebatur
547 4124 659 4160 servosve
680 4117 743 4159 11111,
777 4109 950 4161 Pulcherrima
990 4118 1018 4160 ut
1039 4127 1108 4161 arena
1129 4120 1206 4169 esset,
1231 4112 1314 4170 fieret,
1338 4121 1458 4162 maneret·
1472 4120 1542 4165 tuta.

400 4189 538 4239 emendatio
554 4188 656 4237 debetur
678 4189 711 4237 T.
731 4190 824 4248 Fabro,
847 4191 950 4240 laudata
991 4192 1064 4240 Tune
1085 4207 1174 4241 sanam
1194 4191 1300 4254 intelligi
1317 4207 1355 4241 res
1372 4193 1426 4255 ipsa
1443 4200 1467 4241 et
1484 4208 1542 4242 sen-

400 4278 425 4318 et
442 4276 540 4331 recepta
557 4284 572 4315 a
587 4267 701 4317 Bentleio
718 4276 742 4317 et
759 4269 812 4318 aliia
828 4271 949 4319 omnibus.
990 4272 1069 4320 tentia
1093 4274 1188 4320 docent.
1225 4272 1307 4320 Nemo
1336 4279 1419 4321 autem
1446 4273 1542 4322 dixerit

400 4348 471 4397 Idem
497 4350 650 4397 reddendum
676 4349 781 4398 arbitror
806 4350 898 4400 Plauto
923 4353 950 4400 in
992 4358 1049 4400 tuta
1066 4366 1134 4399 raetia
1150 4351 1292 4414 simpliciter
1303 4365 1347 4413 pro
1358 4366 1430 4400 sana.
1456 4351 1541 4401 Menti

401 4428 509 4477 Mostell.
527 4429 547 4477 I.
566 4443 604 4477 111.
621 4429 661 4477 48.
696 4431 782 4479 Solam
798 4431 842 4480 illa
856 4435 951 4482 metali
991 4433 1056 4480 male
1080 4445 1157 4479 tanae
1182 4430 1313 4493 opponitur
1334 4433 1392 4479 berre
1413 4441 1541 4492 aaaa,·ut

401 4511 450 4557 eibi
465 4524 509 4558 rao
530 4511 654 4558 liberavit.
688 4509 795 4572 Legem:
822 4525 867 4559 auo
892 4527 950 4560 aere
991 4509 1217 4560 8111111144.
1252 4511 1388 4560 Maecenat
1396 4525 1540 4572 paucorum

400 4587 523 4635 liberavit.
991 4592 1117 4639 laminam
1133 4596 1159 4638 et
1175 4593 1264 4638 11111111
1280 4593 1434 4640 emesenae.
1456 4591 1539 4640 Hora·

437 4667 510 4714 Male
530 4672 601 4716 tutae
617 4671 718 4717 arentia·
732 4670 840 4721 Orestes.
874 4671 948 4719 Bcnt·
990 4670 1038 4718 tius
1061 4682 1188 4733 nunquam
1211 4670 1348 4733 scripsisset
1363 4670 1453 4718 mentis
1478 4674 1539 4720 bene

405 4747 465 4795 leius
483 4747 658 4810 interpretatur
674 4762 707 4796 ex
719 4747 804 4806 Celso,
828 4749 869 4810 qui
885 4747 948 4796 dixit
992 4755 1076 4806 ratae,
1098 4750 1119 4797 si
1137 4749 1307 4799 Maecenatem
1325 4750 1427 4798 laudare
1445 4747 1538 4797 voluis-
