<?xml version="1.0" encoding="UTF-8"?>
<!DOCTYPE html PUBLIC "-//W3C//DTD XHTML 1.0 Transitional//EN"
    "http://www.w3.org/TR/xhtml1/DTD/xhtml1-transitional.dtd">
<html xmlns="http://www.w3.org/1999/xhtml" xml:lang="en" lang="en">
 <head>
  <title>
</title>
<meta http-equiv="Content-Type" content="text/html;charset=utf-8" />
  <meta name='ocr-system' content='tesseract 3.04.00' />
  <meta name='ocr-capabilities' content='ocr_page ocr_carea ocr_par ocr_line ocrx_word'/>
</head>
<body>
  <div class='ocr_page' id='page_1' title='image "./qhoratiiflaccis00peergoog_0214.png"; bbox 0 0 3750 5759; ppageno 0'>
   <div class='ocr_carea' id='block_1_1' title="bbox 434 694 1142 761">
    <p class='ocr_par' dir='ltr' id='par_1_1' title="bbox 434 694 1142 761">
     <span class='ocr_line' id='line_1_1' title="bbox 434 694 1142 761; baseline 0.007 -5"><span class='ocrx_word' id='word_1_1' title='bbox 434 694 496 758; x_wconf 85' lang='grc'><strong><em>190</em></strong></span> <span class='ocrx_word' id='word_1_2' title='bbox 708 723 710 728; x_wconf 92' lang='grc'><strong><em>·</em></strong></span> <span class='ocrx_word' id='word_1_3' title='bbox 852 696 897 759; x_wconf 93' lang='grc' dir='ltr'><strong><em>ΙΙ.</em></strong></span> <span class='ocrx_word' id='word_1_4' title='bbox 943 713 1069 761; x_wconf 76' lang='lat' dir='ltr'><strong><em>samua</em></strong></span> <span class='ocrx_word' id='word_1_5' title='bbox 1091 715 1142 761; x_wconf 91' lang='lat'><strong><em>111.</em></strong></span> 
     </span>
    </p>
   </div>
   <div class='ocr_carea' id='block_1_2' title="bbox 430 866 1651 945">
    <p class='ocr_par' dir='ltr' id='par_1_2' title="bbox 430 866 1651 945">
     <span class='ocr_line' id='line_1_2' title="bbox 430 866 1651 945; baseline 0.004 -21"><span class='ocrx_word' id='word_1_6' title='bbox 430 889 507 940; x_wconf 69' lang='lat' dir='ltr'><strong><em>ponor</em></strong></span> <span class='ocrx_word' id='word_1_7' title='bbox 525 877 653 928; x_wconf 79' lang='lat' dir='ltr'><em>Praedam</em></span> <span class='ocrx_word' id='word_1_8' title='bbox 669 879 781 940; x_wconf 61' lang='lat' dir='ltr'><strong><em>auiam,</em></strong></span> <span class='ocrx_word' id='word_1_9' title='bbox 798 883 976 943; x_wconf 76' lang='lat' dir='ltr'><em>praeterquam</em></span> <span class='ocrx_word' id='word_1_10' title='bbox 993 882 1132 940; x_wconf 79' lang='lat' dir='ltr'><strong><em>bominum,</em></strong></span> <span class='ocrx_word' id='word_1_11' title='bbox 1148 882 1252 941; x_wconf 58' lang='lat' dir='ltr'><strong><em>divisim</em></strong></span> <span class='ocrx_word' id='word_1_12' title='bbox 1276 895 1368 945; x_wconf 83' lang='lat' dir='ltr'><strong><em>peoora</em></strong></span> <span class='ocrx_word' id='word_1_13' title='bbox 1389 885 1487 942; x_wconf 80' lang='lat' dir='ltr'><strong><em>antem,</em></strong></span> <span class='ocrx_word' id='word_1_14' title='bbox 1509 896 1559 929; x_wconf 92' lang='lat' dir='ltr'><strong><em>ma·</em></strong></span> <span class='ocrx_word' id='word_1_15' title='bbox 1649 866 1651 869; x_wconf 51' lang='grc'><strong>’</strong></span> 
     </span>
    </p>
   </div>
   <div class='ocr_carea' id='block_1_3' title="bbox 430 958 1563 1982">
    <p class='ocr_par' dir='ltr' id='par_1_3' title="bbox 430 958 1561 1265">
     <span class='ocr_line' id='line_1_3' title="bbox 431 958 1561 1024; baseline 0.002 -17"><span class='ocrx_word' id='word_1_16' title='bbox 431 959 498 1007; x_wconf 73' lang='lat' dir='ltr'><strong><em>xime</em></strong></span> <span class='ocrx_word' id='word_1_17' title='bbox 513 959 592 1006; x_wconf 65' lang='lat' dir='ltr'><strong><em>mnam</em></strong></span> <span class='ocrx_word' id='word_1_18' title='bbox 606 958 700 1019; x_wconf 73' lang='lat' dir='ltr'><strong><em>omnir</em></strong></span> <span class='ocrx_word' id='word_1_19' title='bbox 709 958 803 1021; x_wconf 83' lang='lat' dir='ltr'><strong><em>fuere,</em></strong></span> <span class='ocrx_word' id='word_1_20' title='bbox 819 960 854 1008; x_wconf 78' lang='lat' dir='ltr'><strong><em>aa</em></strong></span> <span class='ocrx_word' id='word_1_21' title='bbox 869 961 1022 1022; x_wconf 81' lang='lat' dir='ltr'><strong><em>epulandam</em></strong></span> <span class='ocrx_word' id='word_1_22' title='bbox 1033 961 1162 1010; x_wconf 71' lang='lat' dir='ltr'><strong><em>militibus.</em></strong></span> <span class='ocrx_word' id='word_1_23' title='bbox 1179 960 1316 1019; x_wconf 85' lang='lat' dir='ltr'><strong><em>Praedam,</em></strong></span> <span class='ocrx_word' id='word_1_24' title='bbox 1327 965 1425 1024; x_wconf 86' lang='lat' dir='ltr'><strong><em>praeter</em></strong></span> <span class='ocrx_word' id='word_1_25' title='bbox 1439 961 1561 1024; x_wconf 83' lang='lat' dir='ltr'><strong><em>captivos,</em></strong></span> 
     </span>
     <span class='ocr_line' id='line_1_4' title="bbox 431 1034 1561 1104; baseline 0.003 -18"><span class='ocrx_word' id='word_1_26' title='bbox 431 1034 596 1094; x_wconf 77' lang='lat' dir='ltr'><strong><em>divinitalis,</em></strong></span> <span class='ocrx_word' id='word_1_27' title='bbox 612 1049 662 1084; x_wconf 91' lang='lat' dir='ltr'><strong><em>non</em></strong></span> <span class='ocrx_word' id='word_1_28' title='bbox 678 1035 812 1097; x_wconf 80' lang='lat' dir='ltr'><strong><em>militibns;</em></strong></span> <span class='ocrx_word' id='word_1_29' title='bbox 836 1052 937 1104; x_wconf 87' lang='lat' dir='ltr'><strong><em>peoora,</em></strong></span> <span class='ocrx_word' id='word_1_30' title='bbox 962 1054 1026 1102; x_wconf 86' lang='lat' dir='ltr'><strong><em>qnae</em></strong></span> <span class='ocrx_word' id='word_1_31' title='bbox 1051 1040 1121 1089; x_wconf 83' lang='lat' dir='ltr'><strong><em>fuere</em></strong></span> <span class='ocrx_word' id='word_1_32' title='bbox 1144 1041 1225 1092; x_wconf 88' lang='lat' dir='ltr'><strong><em>multu</em></strong></span> <span class='ocrx_word' id='word_1_33' title='bbox 1248 1041 1327 1090; x_wconf 86' lang='lat' dir='ltr'><strong><em>omnis</em></strong></span> <span class='ocrx_word' id='word_1_34' title='bbox 1345 1041 1455 1104; x_wconf 84' lang='lat' dir='ltr'><strong><em>generis,</em></strong></span> <span class='ocrx_word' id='word_1_35' title='bbox 1476 1041 1561 1090; x_wconf 82' lang='lat' dir='ltr'><strong><em>dirisit</em></strong></span> 
     </span>
     <span class='ocr_line' id='line_1_5' title="bbox 431 1113 1559 1185; baseline 0.006 -22"><span class='ocrx_word' id='word_1_36' title='bbox 431 1113 548 1164; x_wconf 75' lang='lat' dir='ltr'>militibus</span> <span class='ocrx_word' id='word_1_37' title='bbox 564 1115 597 1164; x_wconf 85' lang='lat' dir='ltr'><strong><em>ad</em></strong></span> <span class='ocrx_word' id='word_1_38' title='bbox 614 1115 772 1179; x_wconf 87' lang='lat' dir='ltr'><strong><em>epulandum.</em></strong></span> <span class='ocrx_word' id='word_1_39' title='bbox 804 1118 892 1169; x_wconf 83' lang='lat' dir='ltr'><strong><em>Livius</em></strong></span> <span class='ocrx_word' id='word_1_40' title='bbox 909 1119 1013 1169; x_wconf 87' lang='lat' dir='ltr'>XXIV.</span> <span class='ocrx_word' id='word_1_41' title='bbox 1032 1120 1070 1170; x_wconf 83' lang='lat'><strong><em>16.</em></strong></span> <span class='ocrx_word' id='word_1_42' title='bbox 1104 1122 1210 1171; x_wconf 80' lang='lat' dir='ltr'><strong><em>Praecla</em></strong></span> <span class='ocrx_word' id='word_1_43' title='bbox 1225 1122 1317 1179; x_wconf 84' lang='lat' dir='ltr'><strong><em>omnis,</em></strong></span> <span class='ocrx_word' id='word_1_44' title='bbox 1327 1127 1506 1185; x_wconf 70' lang='lat' dir='ltr'><strong><em>praeterquam</em></strong></span> <span class='ocrx_word' id='word_1_45' title='bbox 1519 1123 1559 1170; x_wconf 85' lang='lat' dir='ltr'><strong><em>bo·</em></strong></span> 
     </span>
     <span class='ocr_line' id='line_1_6' title="bbox 430 1197 1314 1265; baseline 0.007 -21"><span class='ocrx_word' id='word_1_46' title='bbox 430 1197 527 1245; x_wconf 79' lang='lat' dir='ltr'><strong><em>minam</em></strong></span> <span class='ocrx_word' id='word_1_47' title='bbox 543 1203 685 1259; x_wconf 82' lang='lat' dir='ltr'><strong><em>ooptorum,</em></strong></span> <span class='ocrx_word' id='word_1_48' title='bbox 702 1201 781 1248; x_wconf 65' lang='lat' dir='ltr'><strong><em>milffl</em></strong></span> <span class='ocrx_word' id='word_1_49' title='bbox 796 1214 910 1251; x_wconf 66' lang='lat' dir='ltr'><strong><em>mata</em></strong></span> <span class='ocrx_word' id='word_1_50' title='bbox 926 1207 978 1262; x_wconf 84' lang='lat' dir='ltr'><strong><em>est,</em></strong></span> <span class='ocrx_word' id='word_1_51' title='bbox 993 1207 1019 1251; x_wconf 88' lang='lat' dir='ltr'><strong><em>et</em></strong></span> <span class='ocrx_word' id='word_1_52' title='bbox 1034 1217 1109 1264; x_wconf 64' lang='lat' dir='ltr'><strong><em>moue</em></strong></span> <span class='ocrx_word' id='word_1_53' title='bbox 1124 1208 1255 1265; x_wconf 74' lang='lat' dir='ltr'><strong><em>exeeptnm</em></strong></span> <span class='ocrx_word' id='word_1_54' title='bbox 1270 1208 1314 1252; x_wconf 84' lang='lat' dir='ltr'><strong><em>est.</em></strong></span> 
     </span>
    </p>

    <p class='ocr_par' dir='ltr' id='par_1_4' title="bbox 430 1275 1563 1661">
     <span class='ocr_line' id='line_1_7' title="bbox 480 1275 1561 1345; baseline 0.008 -22"><span class='ocrx_word' id='word_1_55' title='bbox 480 1275 510 1324; x_wconf 87' lang='lat' dir='ltr'><strong><em>P.</em></strong></span> <span class='ocrx_word' id='word_1_56' title='bbox 530 1277 584 1325; x_wconf 84' lang='lat'><strong><em>121.</em></strong></span> <span class='ocrx_word' id='word_1_57' title='bbox 618 1279 656 1326; x_wconf 86' lang='lat' dir='ltr'><strong><em>Ni</em></strong></span> <span class='ocrx_word' id='word_1_58' title='bbox 676 1279 746 1329; x_wconf 60' lang='lat' dir='ltr'><strong><em>omae</em></strong></span> <span class='ocrx_word' id='word_1_59' title='bbox 767 1285 842 1343; x_wconf 78' lang='lat' dir='ltr'><strong><em>atque</em></strong></span> <span class='ocrx_word' id='word_1_60' title='bbox 866 1282 962 1343; x_wconf 80' lang='lat' dir='ltr'><strong><em>Inpone</em></strong></span> <span class='ocrx_word' id='word_1_61' title='bbox 984 1283 1079 1331; x_wconf 74' lang='lat' dir='ltr'><strong><em>aceedit</em></strong></span> <span class='ocrx_word' id='word_1_62' title='bbox 1104 1283 1229 1332; x_wconf 74' lang='lat' dir='ltr'><em>stomacho</em></span> <span class='ocrx_word' id='word_1_63' title='bbox 1247 1281 1357 1345; x_wconf 81' lang='lat' dir='ltr'><strong><em>fultura</em></strong></span> <span class='ocrx_word' id='word_1_64' title='bbox 1380 1283 1473 1332; x_wconf 84' lang='lat' dir='ltr'><strong><em>ruenti</em></strong></span> <span class='ocrx_word' id='word_1_65' title='bbox 1507 1281 1561 1343; x_wconf 70' lang='lat' dir='ltr'><strong><em>Ap</em></strong></span> 
     </span>
     <span class='ocr_line' id='line_1_8' title="bbox 430 1355 1563 1426; baseline 0.005 -23"><span class='ocrx_word' id='word_1_66' title='bbox 430 1355 518 1417; x_wconf 89' lang='lat' dir='ltr'><strong><em>positio</em></strong></span> <span class='ocrx_word' id='word_1_67' title='bbox 534 1364 571 1406; x_wconf 90' lang='lat' dir='ltr'><strong><em>est</em></strong></span> <span class='ocrx_word' id='word_1_68' title='bbox 587 1364 760 1408; x_wconf 87' lang='lat' dir='ltr'><strong><em>ornamentum</em></strong></span> <span class='ocrx_word' id='word_1_69' title='bbox 776 1359 892 1409; x_wconf 86' lang='lat' dir='ltr'><strong><em>orationis</em></strong></span> <span class='ocrx_word' id='word_1_70' title='bbox 909 1362 1031 1423; x_wconf 77' lang='lat' dir='ltr'><strong><em>politicae,</em></strong></span> <span class='ocrx_word' id='word_1_71' title='bbox 1056 1375 1085 1409; x_wconf 87' lang='lat' dir='ltr'><strong><em>ea</em></strong></span> <span class='ocrx_word' id='word_1_72' title='bbox 1101 1362 1259 1424; x_wconf 83' lang='lat' dir='ltr'><strong><em>praesertim,</em></strong></span> <span class='ocrx_word' id='word_1_73' title='bbox 1284 1377 1348 1425; x_wconf 86' lang='lat' dir='ltr'><strong><em>quae</em></strong></span> <span class='ocrx_word' id='word_1_74' title='bbox 1373 1361 1462 1426; x_wconf 87' lang='lat' dir='ltr'><strong><em>eopula</em></strong></span> <span class='ocrx_word' id='word_1_75' title='bbox 1485 1367 1563 1410; x_wconf 84' lang='lat' dir='ltr'><strong><em>caret.</em></strong></span> 
     </span>
     <span class='ocr_line' id='line_1_9' title="bbox 430 1437 1562 1504; baseline 0.005 -18"><span class='ocrx_word' id='word_1_76' title='bbox 430 1437 497 1486; x_wconf 86' lang='lat' dir='ltr'><strong><em>Nam</em></strong></span> <span class='ocrx_word' id='word_1_77' title='bbox 514 1443 539 1485; x_wconf 89' lang='lat' dir='ltr'><strong><em>et</em></strong></span> <span class='ocrx_word' id='word_1_78' title='bbox 555 1437 675 1500; x_wconf 88' lang='lat' dir='ltr'><strong><em>appositio</em></strong></span> <span class='ocrx_word' id='word_1_79' title='bbox 691 1437 720 1485; x_wconf 88' lang='lat' dir='ltr'><strong><em>fit</em></strong></span> <span class='ocrx_word' id='word_1_80' title='bbox 735 1452 781 1501; x_wconf 89' lang='lat' dir='ltr'><strong><em>per</em></strong></span> <span class='ocrx_word' id='word_1_81' title='bbox 797 1437 925 1501; x_wconf 78' lang='lat' dir='ltr'><strong><em>copulam,</em></strong></span> <span class='ocrx_word' id='word_1_82' title='bbox 943 1441 974 1487; x_wconf 90' lang='lat' dir='ltr'><strong><em>de</em></strong></span> <span class='ocrx_word' id='word_1_83' title='bbox 989 1454 1039 1504; x_wconf 88' lang='lat' dir='ltr'><strong><em>qna</em></strong></span> <span class='ocrx_word' id='word_1_84' title='bbox 1055 1438 1124 1490; x_wconf 73' lang='lat' dir='ltr'><strong><em>(tort.</em></strong></span> <span class='ocrx_word' id='word_1_85' title='bbox 1141 1441 1173 1489; x_wconf 88' lang='lat' dir='ltr'><strong><em>ad</em></strong></span> <span class='ocrx_word' id='word_1_86' title='bbox 1190 1441 1285 1489; x_wconf 82' lang='lat' dir='ltr'><strong><em>Lucan.</em></strong></span> <span class='ocrx_word' id='word_1_87' title='bbox 1302 1441 1324 1490; x_wconf 94' lang='lat'><strong><em>1.</em></strong></span> <span class='ocrx_word' id='word_1_88' title='bbox 1337 1441 1394 1492; x_wconf 78' lang='grc'><strong>528.</strong></span> <span class='ocrx_word' id='word_1_89' title='bbox 1422 1441 1507 1504; x_wconf 84' lang='lat' dir='ltr'><strong><em>Quare</em></strong></span> <span class='ocrx_word' id='word_1_90' title='bbox 1521 1442 1562 1493; x_wconf 81' lang='lat' dir='ltr'><strong><em>hio</em></strong></span> 
     </span>
     <span class='ocr_line' id='line_1_10' title="bbox 430 1517 1562 1585; baseline 0.004 -20"><span class='ocrx_word' id='word_1_91' title='bbox 430 1517 511 1581; x_wconf 90' lang='lat' dir='ltr'><strong><em>potius</em></strong></span> <span class='ocrx_word' id='word_1_92' title='bbox 528 1518 626 1580; x_wconf 81' lang='lat' dir='ltr'><strong><em>legem:</em></strong></span> <span class='ocrx_word' id='word_1_93' title='bbox 647 1519 677 1567; x_wconf 82' lang='lat' dir='ltr'><strong><em>ni</em></strong></span> <span class='ocrx_word' id='word_1_94' title='bbox 697 1519 767 1567; x_wconf 79' lang='lat' dir='ltr'><strong><em>cibas</em></strong></span> <span class='ocrx_word' id='word_1_95' title='bbox 787 1524 864 1581; x_wconf 81' lang='lat' dir='ltr'><strong><em>atque</em></strong></span> <span class='ocrx_word' id='word_1_96' title='bbox 883 1520 906 1567; x_wconf 82' lang='lat' dir='ltr'><strong><em>ir</em></strong></span> <span class='ocrx_word' id='word_1_97' title='bbox 934 1521 1061 1568; x_wconf 78' lang='lat' dir='ltr'><strong><em>Praesens</em></strong></span> <span class='ocrx_word' id='word_1_98' title='bbox 1082 1522 1177 1570; x_wconf 75' lang='lat' dir='ltr'><strong><em>aceedit</em></strong></span> <span class='ocrx_word' id='word_1_99' title='bbox 1198 1522 1322 1571; x_wconf 78' lang='lat' dir='ltr'><strong><em>stomacho</em></strong></span> <span class='ocrx_word' id='word_1_100' title='bbox 1336 1522 1445 1585; x_wconf 80' lang='lat' dir='ltr'><strong><em>saltora</em></strong></span> <span class='ocrx_word' id='word_1_101' title='bbox 1466 1522 1562 1571; x_wconf 79' lang='lat' dir='ltr'><strong><em>ruenti.</em></strong></span> 
     </span>
     <span class='ocr_line' id='line_1_11' title="bbox 430 1595 1256 1661; baseline 0 -14"><span class='ocrx_word' id='word_1_102' title='bbox 430 1597 487 1647; x_wconf 85' lang='lat' dir='ltr'><strong><em>Nisi</em></strong></span> <span class='ocrx_word' id='word_1_103' title='bbox 502 1597 570 1646; x_wconf 90' lang='lat' dir='ltr'><strong><em>oibus</em></strong></span> <span class='ocrx_word' id='word_1_104' title='bbox 587 1603 611 1646; x_wconf 87' lang='lat' dir='ltr'><strong><em>et</em></strong></span> <span class='ocrx_word' id='word_1_105' title='bbox 627 1595 727 1661; x_wconf 88' lang='lat' dir='ltr'><strong><em>quidem</em></strong></span> <span class='ocrx_word' id='word_1_106' title='bbox 743 1598 798 1646; x_wconf 88' lang='lat' dir='ltr'><strong><em>sine</em></strong></span> <span class='ocrx_word' id='word_1_107' title='bbox 813 1612 884 1646; x_wconf 93' lang='lat' dir='ltr'><strong><em>mora</em></strong></span> <span class='ocrx_word' id='word_1_108' title='bbox 899 1599 993 1649; x_wconf 85' lang='lat' dir='ltr'><strong><em>accedit</em></strong></span> <span class='ocrx_word' id='word_1_109' title='bbox 1010 1598 1105 1649; x_wconf 82' lang='lat' dir='ltr'><strong><em>fultura</em></strong></span> <span class='ocrx_word' id='word_1_110' title='bbox 1121 1601 1256 1650; x_wconf 81' lang='lat' dir='ltr'><strong><em>stomaoho.</em></strong></span> 
     </span>
    </p>

    <p class='ocr_par' dir='ltr' id='par_1_5' title="bbox 430 1676 1562 1982">
     <span class='ocr_line' id='line_1_12' title="bbox 479 1676 1561 1744; baseline 0.002 -18"><span class='ocrx_word' id='word_1_111' title='bbox 479 1677 510 1726; x_wconf 85' lang='lat' dir='ltr'><strong><em>P.</em></strong></span> <span class='ocrx_word' id='word_1_112' title='bbox 530 1676 584 1726; x_wconf 85' lang='grc'><strong>121.</strong></span> <span class='ocrx_word' id='word_1_113' title='bbox 618 1679 744 1740; x_wconf 80' lang='lat' dir='ltr'><strong><em>Nepotit,</em></strong></span> <span class='ocrx_word' id='word_1_114' title='bbox 780 1679 855 1737; x_wconf 79' lang='lat' dir='ltr'><strong><em>Quod</em></strong></span> <span class='ocrx_word' id='word_1_115' title='bbox 869 1679 939 1728; x_wconf 80' lang='lat' dir='ltr'><strong><em>laten</em></strong></span> <span class='ocrx_word' id='word_1_116' title='bbox 957 1687 1003 1729; x_wconf 85' lang='lat' dir='ltr'><strong><em>ant</em></strong></span> <span class='ocrx_word' id='word_1_117' title='bbox 1020 1696 1091 1730; x_wconf 80' lang='lat' dir='ltr'><strong><em>renes</em></strong></span> <span class='ocrx_word' id='word_1_118' title='bbox 1108 1683 1190 1729; x_wconf 89' lang='lat' dir='ltr'><strong><em>morbo</em></strong></span> <span class='ocrx_word' id='word_1_119' title='bbox 1208 1686 1340 1729; x_wconf 71' lang='lat' dir='ltr'><strong><em>tentantur</em></strong></span> <span class='ocrx_word' id='word_1_120' title='bbox 1356 1686 1438 1730; x_wconf 81' lang='lat' dir='ltr'><strong><em>arato.</em></strong></span> <span class='ocrx_word' id='word_1_121' title='bbox 1472 1680 1561 1744; x_wconf 84' lang='lat' dir='ltr'><strong><em>Haup-</em></strong></span> 
     </span>
     <span class='ocr_line' id='line_1_13' title="bbox 430 1757 1561 1821; baseline 0.004 -16"><span class='ocrx_word' id='word_1_122' title='bbox 430 1758 479 1805; x_wconf 87' lang='lat' dir='ltr'><strong><em>tiue</em></strong></span> <span class='ocrx_word' id='word_1_123' title='bbox 507 1757 610 1820; x_wconf 85' lang='lat' dir='ltr'><strong><em>putabat</em></strong></span> <span class='ocrx_word' id='word_1_124' title='bbox 634 1771 734 1807; x_wconf 82' lang='lat' dir='ltr'><strong><em>versum</em></strong></span> <span class='ocrx_word' id='word_1_125' title='bbox 759 1757 808 1806; x_wconf 88' lang='lat' dir='ltr'><strong><em>hue</em></strong></span> <span class='ocrx_word' id='word_1_126' title='bbox 828 1773 881 1807; x_wconf 89' lang='lat' dir='ltr'><strong><em>esse</em></strong></span> <span class='ocrx_word' id='word_1_127' title='bbox 905 1759 1053 1808; x_wconf 84' lang='lat' dir='ltr'><strong><em>translatum</em></strong></span> <span class='ocrx_word' id='word_1_128' title='bbox 1074 1774 1106 1807; x_wconf 85' lang='lat' dir='ltr'><strong><em>ex</em></strong></span> <span class='ocrx_word' id='word_1_129' title='bbox 1123 1759 1145 1807; x_wconf 95' lang='lat' dir='ltr'><strong><em>I.</em></strong></span> <span class='ocrx_word' id='word_1_130' title='bbox 1162 1759 1242 1821; x_wconf 83' lang='lat' dir='ltr'><strong><em>Epist.</em></strong></span> <span class='ocrx_word' id='word_1_131' title='bbox 1268 1759 1317 1808; x_wconf 90' lang='lat' dir='ltr'><strong><em>VI.</em></strong></span> <span class='ocrx_word' id='word_1_132' title='bbox 1342 1758 1383 1807; x_wconf 88' lang='grc'><strong><em>28.</em></strong></span> <span class='ocrx_word' id='word_1_133' title='bbox 1417 1759 1561 1810; x_wconf 87' lang='lat' dir='ltr'><strong><em>Meinekius</em></strong></span> 
     </span>
     <span class='ocr_line' id='line_1_14' title="bbox 430 1838 1562 1904; baseline 0.004 -18"><span class='ocrx_word' id='word_1_134' title='bbox 430 1838 507 1888; x_wconf 84' lang='lat' dir='ltr'><strong><em>eiecit.</em></strong></span> <span class='ocrx_word' id='word_1_135' title='bbox 541 1838 664 1901; x_wconf 84' lang='lat' dir='ltr'><strong>Equidem</strong></span> <span class='ocrx_word' id='word_1_136' title='bbox 680 1852 754 1900; x_wconf 84' lang='lat' dir='ltr'><strong><em>aegre</em></strong></span> <span class='ocrx_word' id='word_1_137' title='bbox 770 1853 849 1889; x_wconf 88' lang='lat' dir='ltr'><strong><em>oareo.</em></strong></span> <span class='ocrx_word' id='word_1_138' title='bbox 883 1839 1003 1890; x_wconf 76' lang='lat' dir='ltr'><strong><em>causeam</em></strong></span> <span class='ocrx_word' id='word_1_139' title='bbox 1020 1855 1064 1889; x_wconf 88' lang='lat' dir='ltr'><strong><em>eur</em></strong></span> <span class='ocrx_word' id='word_1_140' title='bbox 1089 1839 1206 1890; x_wconf 79' lang='lat' dir='ltr'><strong><em>Crotona</em></strong></span> <span class='ocrx_word' id='word_1_141' title='bbox 1230 1839 1342 1901; x_wconf 84' lang='lat' dir='ltr'><strong><em>negarit,</em></strong></span> <span class='ocrx_word' id='word_1_142' title='bbox 1367 1840 1424 1889; x_wconf 82' lang='lat' dir='ltr'><strong><em>addi</em></strong></span> <span class='ocrx_word' id='word_1_143' title='bbox 1449 1848 1562 1904; x_wconf 85' lang='lat' dir='ltr'><strong><em>oportere</em></strong></span> 
     </span>
     <span class='ocr_line' id='line_1_15' title="bbox 430 1916 1562 1982; baseline 0.006 -18"><span class='ocrx_word' id='word_1_144' title='bbox 430 1917 519 1968; x_wconf 89' lang='lat' dir='ltr'><strong><em>iudioo.</em></strong></span> <span class='ocrx_word' id='word_1_145' title='bbox 553 1916 649 1966; x_wconf 78' lang='lat' dir='ltr'><strong><em>Caussa</em></strong></span> <span class='ocrx_word' id='word_1_146' title='bbox 664 1923 701 1966; x_wconf 82' lang='lat' dir='ltr'><strong><em>est</em></strong></span> <span class='ocrx_word' id='word_1_147' title='bbox 717 1917 744 1966; x_wconf 92' lang='lat' dir='ltr'><strong><em>in</em></strong></span> <span class='ocrx_word' id='word_1_148' title='bbox 760 1931 843 1966; x_wconf 84' lang='lat' dir='ltr'><strong><em>versu.</em></strong></span> <span class='ocrx_word' id='word_1_149' title='bbox 877 1918 940 1977; x_wconf 85' lang='lat' dir='ltr'>Sed,</span> <span class='ocrx_word' id='word_1_150' title='bbox 963 1920 1029 1982; x_wconf 88' lang='lat' dir='ltr'><strong><em>quod</em></strong></span> <span class='ocrx_word' id='word_1_151' title='bbox 1045 1918 1072 1967; x_wconf 90' lang='lat' dir='ltr'><strong><em>in</em></strong></span> <span class='ocrx_word' id='word_1_152' title='bbox 1089 1918 1201 1982; x_wconf 74' lang='lat' dir='ltr'><strong><em>Epistola</em></strong></span> <span class='ocrx_word' id='word_1_153' title='bbox 1216 1924 1282 1967; x_wconf 86' lang='lat' dir='ltr'><strong><em>reete</em></strong></span> <span class='ocrx_word' id='word_1_154' title='bbox 1298 1933 1324 1967; x_wconf 86' lang='lat' dir='ltr'><strong><em>se</em></strong></span> <span class='ocrx_word' id='word_1_155' title='bbox 1340 1918 1413 1968; x_wconf 91' lang='lat' dir='ltr'><strong><em>habet</em></strong></span> <span class='ocrx_word' id='word_1_156' title='bbox 1430 1922 1500 1971; x_wconf 85' lang='lat' dir='ltr'><strong><em>lotas</em></strong></span> <span class='ocrx_word' id='word_1_157' title='bbox 1516 1928 1562 1971; x_wconf 79' lang='lat' dir='ltr'><strong><em>aot</em></strong></span> 
     </span>
    </p>
   </div>
   <div class='ocr_carea' id='block_1_4' title="bbox 352 1995 1563 2062">
    <p class='ocr_par' dir='ltr' id='par_1_6' title="bbox 352 1995 1563 2062">
     <span class='ocr_line' id='line_1_16' title="bbox 352 1995 1563 2062; baseline 0.007 -20"><span class='ocrx_word' id='word_1_158' title='bbox 352 2051 357 2062; x_wconf 78' lang='lat'><strong><em>.</em></strong></span> <span class='ocrx_word' id='word_1_159' title='bbox 429 2012 512 2053; x_wconf 84' lang='lat' dir='ltr'><strong><em>renes,</em></strong></span> <span class='ocrx_word' id='word_1_160' title='bbox 529 2010 579 2044; x_wconf 93' lang='lat' dir='ltr'><strong><em>non</em></strong></span> <span class='ocrx_word' id='word_1_161' title='bbox 594 2001 660 2044; x_wconf 87' lang='lat' dir='ltr'><strong><em>recte</em></strong></span> <span class='ocrx_word' id='word_1_162' title='bbox 676 2009 702 2043; x_wconf 88' lang='lat' dir='ltr'><strong><em>se</em></strong></span> <span class='ocrx_word' id='word_1_163' title='bbox 717 1995 834 2044; x_wconf 88' lang='lat' dir='ltr'><strong><em>habetin</em></strong></span> <span class='ocrx_word' id='word_1_164' title='bbox 850 1996 941 2046; x_wconf 85' lang='lat' dir='ltr'><strong><em>Satira.</em></strong></span> <span class='ocrx_word' id='word_1_165' title='bbox 975 1996 1093 2046; x_wconf 79' lang='lat' dir='ltr'><strong><em>Craterus</em></strong></span> <span class='ocrx_word' id='word_1_166' title='bbox 1099 2033 1107 2059; x_wconf 92' lang='lat'><em>‚</em></span> <span class='ocrx_word' id='word_1_167' title='bbox 1126 1998 1234 2060; x_wconf 89' lang='lat' dir='ltr'><strong><em>optimus</em></strong></span> <span class='ocrx_word' id='word_1_168' title='bbox 1252 1998 1501 2057; x_wconf 81' lang='lat' dir='ltr'><strong><em>medicus‚dubitare</em></strong></span> <span class='ocrx_word' id='word_1_169' title='bbox 1510 2014 1563 2050; x_wconf 90' lang='lat' dir='ltr'><strong><em>non</em></strong></span> 
     </span>
    </p>
   </div>
   <div class='ocr_carea' id='block_1_5' title="bbox 429 2075 1562 2940">
    <p class='ocr_par' dir='ltr' id='par_1_7' title="bbox 429 2075 1562 2365">
     <span class='ocr_line' id='line_1_17' title="bbox 431 2075 1561 2141; baseline 0 -17"><span class='ocrx_word' id='word_1_170' title='bbox 431 2083 525 2138; x_wconf 86' lang='lat' dir='ltr'><strong><em>potest,</em></strong></span> <span class='ocrx_word' id='word_1_171' title='bbox 541 2082 626 2124; x_wconf 89' lang='lat' dir='ltr'><strong><em>utrum</em></strong></span> <span class='ocrx_word' id='word_1_172' title='bbox 643 2080 753 2136; x_wconf 80' lang='lat' dir='ltr'><strong><em>aegrotet</em></strong></span> <span class='ocrx_word' id='word_1_173' title='bbox 768 2075 846 2124; x_wconf 87' lang='lat' dir='ltr'><strong><em>latere</em></strong></span> <span class='ocrx_word' id='word_1_174' title='bbox 862 2092 895 2125; x_wconf 88' lang='lat' dir='ltr'><strong><em>an</em></strong></span> <span class='ocrx_word' id='word_1_175' title='bbox 912 2078 1019 2127; x_wconf 78' lang='lat' dir='ltr'>renibus,</span> <span class='ocrx_word' id='word_1_176' title='bbox 1053 2076 1171 2128; x_wconf 79' lang='lat' dir='ltr'><strong><em>Craterus</em></strong></span> <span class='ocrx_word' id='word_1_177' title='bbox 1194 2084 1277 2126; x_wconf 88' lang='lat' dir='ltr'><strong><em>autem</em></strong></span> <span class='ocrx_word' id='word_1_178' title='bbox 1299 2077 1402 2141; x_wconf 87' lang='lat' dir='ltr'><strong><em>loquens</em></strong></span> <span class='ocrx_word' id='word_1_179' title='bbox 1427 2079 1561 2130; x_wconf 80' lang='lat' dir='ltr'>inducitur.</span> 
     </span>
     <span class='ocr_line' id='line_1_18' title="bbox 429 2154 1562 2218; baseline 0.007 -15"><span class='ocrx_word' id='word_1_180' title='bbox 429 2155 596 2218; x_wconf 76' lang='lat' dir='ltr'><strong>Damasippus</strong></span> <span class='ocrx_word' id='word_1_181' title='bbox 612 2160 710 2218; x_wconf 89' lang='lat' dir='ltr'><strong><em>poterat</em></strong></span> <span class='ocrx_word' id='word_1_182' title='bbox 726 2154 805 2205; x_wconf 75' lang='lat' dir='ltr'><strong><em>dicere</em></strong></span> <span class='ocrx_word' id='word_1_183' title='bbox 821 2156 918 2206; x_wconf 89' lang='lat' dir='ltr'><strong><em>laborat</em></strong></span> <span class='ocrx_word' id='word_1_184' title='bbox 934 2159 1014 2207; x_wconf 87' lang='lat' dir='ltr'><strong><em>latere</em></strong></span> <span class='ocrx_word' id='word_1_185' title='bbox 1030 2164 1077 2206; x_wconf 83' lang='lat' dir='ltr'><strong><em>aot</em></strong></span> <span class='ocrx_word' id='word_1_186' title='bbox 1093 2160 1205 2214; x_wconf 80' lang='lat' dir='ltr'><strong><em>renibus,</em></strong></span> <span class='ocrx_word' id='word_1_187' title='bbox 1223 2157 1341 2207; x_wconf 85' lang='lat' dir='ltr'><strong><em>Craterus</em></strong></span> <span class='ocrx_word' id='word_1_188' title='bbox 1358 2158 1463 2207; x_wconf 77' lang='lat' dir='ltr'><strong><em>debebat</em></strong></span> <span class='ocrx_word' id='word_1_189' title='bbox 1479 2160 1562 2211; x_wconf 86' lang='lat' dir='ltr'><strong><em>dicere</em></strong></span> 
     </span>
     <span class='ocr_line' id='line_1_19' title="bbox 429 2235 1560 2300; baseline 0.003 -15"><span class='ocrx_word' id='word_1_190' title='bbox 429 2235 525 2285; x_wconf 88' lang='lat' dir='ltr'><strong><em>laborat</em></strong></span> <span class='ocrx_word' id='word_1_191' title='bbox 541 2243 567 2284; x_wconf 90' lang='lat' dir='ltr'><strong><em>et</em></strong></span> <span class='ocrx_word' id='word_1_192' title='bbox 583 2238 662 2284; x_wconf 86' lang='lat' dir='ltr'><strong><em>lutere</em></strong></span> <span class='ocrx_word' id='word_1_193' title='bbox 678 2240 703 2283; x_wconf 88' lang='lat' dir='ltr'><strong><em>et</em></strong></span> <span class='ocrx_word' id='word_1_194' title='bbox 719 2236 827 2285; x_wconf 78' lang='lat' dir='ltr'><strong><em>renibus.</em></strong></span> <span class='ocrx_word' id='word_1_195' title='bbox 860 2237 1009 2300; x_wconf 84' lang='lat' dir='ltr'><strong><em>Legendum</em></strong></span> <span class='ocrx_word' id='word_1_196' title='bbox 1025 2244 1097 2300; x_wconf 88' lang='lat' dir='ltr'><strong><em>puto:</em></strong></span> <span class='ocrx_word' id='word_1_197' title='bbox 1119 2238 1193 2295; x_wconf 81' lang='lat' dir='ltr'><strong><em>Quod</em></strong></span> <span class='ocrx_word' id='word_1_198' title='bbox 1209 2240 1278 2286; x_wconf 77' lang='lat' dir='ltr'><strong><em>latua</em></strong></span> <span class='ocrx_word' id='word_1_199' title='bbox 1294 2243 1319 2287; x_wconf 88' lang='lat' dir='ltr'><strong><em>et</em></strong></span> <span class='ocrx_word' id='word_1_200' title='bbox 1332 2253 1402 2287; x_wconf 81' lang='lat' dir='ltr'><strong><em>rates</em></strong></span> <span class='ocrx_word' id='word_1_201' title='bbox 1413 2242 1497 2288; x_wconf 88' lang='lat' dir='ltr'><strong><em>morbo</em></strong></span> <span class='ocrx_word' id='word_1_202' title='bbox 1508 2246 1560 2288; x_wconf 81' lang='lat' dir='ltr'><strong><em>ten·</em></strong></span> 
     </span>
     <span class='ocr_line' id='line_1_20' title="bbox 430 2321 617 2365; baseline 0.005 -2"><span class='ocrx_word' id='word_1_203' title='bbox 430 2322 520 2364; x_wconf 82' lang='lat' dir='ltr'><strong><em>tantur</em></strong></span> <span class='ocrx_word' id='word_1_204' title='bbox 535 2321 617 2365; x_wconf 78' lang='lat' dir='ltr'><strong><em>aonio.</em></strong></span> 
     </span>
    </p>

    <p class='ocr_par' dir='ltr' id='par_1_8' title="bbox 429 2396 1561 2940">
     <span class='ocr_line' id='line_1_21' title="bbox 478 2396 1561 2460; baseline 0.002 -14"><span class='ocrx_word' id='word_1_205' title='bbox 478 2397 508 2446; x_wconf 91' lang='grc' dir='ltr'><strong><em>Ρ.</em></strong></span> <span class='ocrx_word' id='word_1_206' title='bbox 527 2397 581 2447; x_wconf 94' lang='grc'><strong>121.</strong></span> <span class='ocrx_word' id='word_1_207' title='bbox 618 2397 688 2454; x_wconf 81' lang='lat' dir='ltr'><strong><em>Quid</em></strong></span> <span class='ocrx_word' id='word_1_208' title='bbox 703 2396 769 2442; x_wconf 82' lang='lat' dir='ltr'><strong><em>enim</em></strong></span> <span class='ocrx_word' id='word_1_209' title='bbox 785 2396 889 2460; x_wconf 55' lang='lat' dir='ltr'><strong><em>aufert,</em></strong></span> <span class='ocrx_word' id='word_1_210' title='bbox 912 2400 1065 2449; x_wconf 75' lang='lat' dir='ltr'><strong><em>barathrone</em></strong></span> <span class='ocrx_word' id='word_1_211' title='bbox 1092 2397 1176 2448; x_wconf 76' lang='lat' dir='ltr'><strong><em>Donet</em></strong></span> <span class='ocrx_word' id='word_1_212' title='bbox 1192 2399 1315 2460; x_wconf 77' lang='lat' dir='ltr'><strong><em>quidquid</em></strong></span> <span class='ocrx_word' id='word_1_213' title='bbox 1332 2400 1418 2457; x_wconf 80' lang='lat' dir='ltr'><strong><em>tates,</em></strong></span> <span class='ocrx_word' id='word_1_214' title='bbox 1440 2415 1474 2448; x_wconf 84' lang='lat' dir='ltr'><strong><em>aa</em></strong></span> <span class='ocrx_word' id='word_1_215' title='bbox 1495 2415 1561 2448; x_wconf 84' lang='lat' dir='ltr'><strong><em>nun-</em></strong></span> 
     </span>
     <span class='ocr_line' id='line_1_22' title="bbox 429 2476 1561 2542; baseline 0.004 -18"><span class='ocrx_word' id='word_1_216' title='bbox 429 2492 505 2540; x_wconf 83' lang='lat' dir='ltr'><strong><em>quam</em></strong></span> <span class='ocrx_word' id='word_1_217' title='bbox 521 2482 596 2527; x_wconf 85' lang='lat' dir='ltr'><strong><em>utare</em></strong></span> <span class='ocrx_word' id='word_1_218' title='bbox 609 2476 730 2539; x_wconf 78' lang='lat' dir='ltr'><strong><em>parata?</em></strong></span> <span class='ocrx_word' id='word_1_219' title='bbox 764 2477 834 2527; x_wconf 89' lang='lat' dir='ltr'><strong><em>Haeo</em></strong></span> <span class='ocrx_word' id='word_1_220' title='bbox 849 2486 901 2526; x_wconf 90' lang='lat' dir='ltr'><strong><em>tam</em></strong></span> <span class='ocrx_word' id='word_1_221' title='bbox 918 2484 974 2542; x_wconf 88' lang='lat' dir='ltr'><strong><em>apte</em></strong></span> <span class='ocrx_word' id='word_1_222' title='bbox 990 2480 1129 2542; x_wconf 82' lang='lat' dir='ltr'><strong><em>pendente</em></strong></span> <span class='ocrx_word' id='word_1_223' title='bbox 1145 2477 1310 2542; x_wconf 87' lang='lat' dir='ltr'><strong><em>superioribus</em></strong></span> <span class='ocrx_word' id='word_1_224' title='bbox 1333 2480 1411 2541; x_wconf 66' lang='lat' dir='ltr'><strong><em>,poia</em></strong></span> <span class='ocrx_word' id='word_1_225' title='bbox 1433 2481 1561 2529; x_wconf 75' lang='lat' dir='ltr'><strong><em>avaras?“</em></strong></span> 
     </span>
     <span class='ocr_line' id='line_1_23' title="bbox 431 2557 1561 2623; baseline 0.003 -18"><span class='ocrx_word' id='word_1_226' title='bbox 431 2559 551 2614; x_wconf 82' lang='lat' dir='ltr'><strong><em>„Stultus</em></strong></span> <span class='ocrx_word' id='word_1_227' title='bbox 574 2564 599 2607; x_wconf 90' lang='lat' dir='ltr'><strong><em>et</em></strong></span> <span class='ocrx_word' id='word_1_228' title='bbox 623 2559 750 2609; x_wconf 62' lang='lat' dir='ltr'><strong><em>mabar</em></strong></span> <span class='ocrx_word' id='word_1_229' title='bbox 783 2567 811 2608; x_wconf 89' lang='lat' dir='ltr'><strong><em>ut</em></strong></span> <span class='ocrx_word' id='word_1_230' title='bbox 834 2558 908 2623; x_wconf 86' lang='lat' dir='ltr'><strong><em>culpa</em></strong></span> <span class='ocrx_word' id='word_1_231' title='bbox 922 2558 1081 2607; x_wconf 83' lang='lat' dir='ltr'><strong><em>librariorum</em></strong></span> <span class='ocrx_word' id='word_1_232' title='bbox 1097 2559 1156 2609; x_wconf 85' lang='lat' dir='ltr'><strong><em>inde</em></strong></span> <span class='ocrx_word' id='word_1_233' title='bbox 1173 2557 1260 2607; x_wconf 75' lang='lat' dir='ltr'><strong><em>avulsa</em></strong></span> <span class='ocrx_word' id='word_1_234' title='bbox 1281 2559 1386 2606; x_wconf 85' lang='lat' dir='ltr'><strong><em>credam.</em></strong></span> <span class='ocrx_word' id='word_1_235' title='bbox 1420 2557 1471 2607; x_wconf 87' lang='lat' dir='ltr'><strong><em>Ubi</em></strong></span> <span class='ocrx_word' id='word_1_236' title='bbox 1492 2573 1561 2608; x_wconf 84' lang='lat' dir='ltr'><strong><em>nuno</em></strong></span> 
     </span>
     <span class='ocr_line' id='line_1_24' title="bbox 429 2636 1560 2703; baseline 0.004 -19"><span class='ocrx_word' id='word_1_237' title='bbox 429 2636 558 2698; x_wconf 84' lang='lat' dir='ltr'><strong><em>leguntur,</em></strong></span> <span class='ocrx_word' id='word_1_238' title='bbox 574 2639 620 2687; x_wconf 86' lang='lat' dir='ltr'><strong><em>vix</em></strong></span> <span class='ocrx_word' id='word_1_239' title='bbox 636 2639 753 2702; x_wconf 78' lang='lat' dir='ltr'><strong><em>explicari</em></strong></span> <span class='ocrx_word' id='word_1_240' title='bbox 768 2646 877 2703; x_wconf 84' lang='lat' dir='ltr'><strong><em>possunt.</em></strong></span> <span class='ocrx_word' id='word_1_241' title='bbox 905 2638 956 2688; x_wconf 86' lang='lat' dir='ltr'><strong><em>Sed</em></strong></span> <span class='ocrx_word' id='word_1_242' title='bbox 972 2638 1020 2687; x_wconf 85' lang='lat' dir='ltr'><strong><em>alia</em></strong></span> <span class='ocrx_word' id='word_1_243' title='bbox 1035 2654 1132 2702; x_wconf 88' lang='lat' dir='ltr'><strong><em>quoque</em></strong></span> <span class='ocrx_word' id='word_1_244' title='bbox 1143 2653 1261 2701; x_wconf 82' lang='lat' dir='ltr'><strong><em>magnam</em></strong></span> <span class='ocrx_word' id='word_1_245' title='bbox 1273 2638 1448 2687; x_wconf 81' lang='lat' dir='ltr'><strong><em>difficultatem</em></strong></span> <span class='ocrx_word' id='word_1_246' title='bbox 1459 2638 1560 2689; x_wconf 84' lang='lat' dir='ltr'><strong><em>habent</em></strong></span> 
     </span>
     <span class='ocr_line' id='line_1_25' title="bbox 429 2717 1559 2781; baseline 0.001 -14"><span class='ocrx_word' id='word_1_247' title='bbox 429 2717 531 2774; x_wconf 82' lang='lat' dir='ltr'><strong><em>Fateor,</em></strong></span> <span class='ocrx_word' id='word_1_248' title='bbox 548 2732 600 2776; x_wconf 87' lang='lat' dir='ltr'><strong><em>me,</em></strong></span> <span class='ocrx_word' id='word_1_249' title='bbox 617 2718 687 2767; x_wconf 84' lang='lat' dir='ltr'><strong><em>lectis</em></strong></span> <span class='ocrx_word' id='word_1_250' title='bbox 703 2719 814 2768; x_wconf 80' lang='lat' dir='ltr'><strong><em>virorum</em></strong></span> <span class='ocrx_word' id='word_1_251' title='bbox 832 2719 1055 2768; x_wconf 88' lang='lat' dir='ltr'><strong><em>eruditissimorum</em></strong></span> <span class='ocrx_word' id='word_1_252' title='bbox 1071 2717 1329 2781; x_wconf 88' lang='lat' dir='ltr'><strong><em>interpretationibus,</em></strong></span> <span class='ocrx_word' id='word_1_253' title='bbox 1350 2718 1460 2767; x_wconf 87' lang='lat' dir='ltr'><strong><em>nondum</em></strong></span> <span class='ocrx_word' id='word_1_254' title='bbox 1484 2719 1559 2768; x_wconf 90' lang='lat' dir='ltr'><strong><em>intel-</em></strong></span> 
     </span>
     <span class='ocr_line' id='line_1_26' title="bbox 429 2797 1561 2862; baseline 0.004 -16"><span class='ocrx_word' id='word_1_255' title='bbox 429 2797 508 2859; x_wconf 85' lang='lat' dir='ltr'><strong><em>ligere</em></strong></span> <span class='ocrx_word' id='word_1_256' title='bbox 523 2797 584 2848; x_wconf 89' lang='lat' dir='ltr'><strong><em>ista:</em></strong></span> <span class='ocrx_word' id='word_1_257' title='bbox 618 2803 677 2848; x_wconf 89' lang='lat' dir='ltr'><strong><em>Non</em></strong></span> <span class='ocrx_word' id='word_1_258' title='bbox 692 2805 730 2847; x_wconf 83' lang='lat' dir='ltr'><strong><em>eet</em></strong></span> <span class='ocrx_word' id='word_1_259' title='bbox 743 2802 864 2862; x_wconf 81' lang='lat' dir='ltr'><strong><em>periurus</em></strong></span> <span class='ocrx_word' id='word_1_260' title='bbox 885 2814 963 2861; x_wconf 82' lang='lat' dir='ltr'><strong><em>neque</em></strong></span> <span class='ocrx_word' id='word_1_261' title='bbox 984 2800 1114 2848; x_wconf 81' lang='lat' dir='ltr'><strong><em>eordidus:</em></strong></span> <span class='ocrx_word' id='word_1_262' title='bbox 1137 2799 1247 2848; x_wconf 85' lang='lat' dir='ltr'><strong><em>immolet</em></strong></span> <span class='ocrx_word' id='word_1_263' title='bbox 1268 2801 1353 2859; x_wconf 80' lang='lat' dir='ltr'><strong><em>aequis</em></strong></span> <span class='ocrx_word' id='word_1_264' title='bbox 1385 2799 1440 2846; x_wconf 87' lang='lat' dir='ltr'><strong><em>Hie</em></strong></span> <span class='ocrx_word' id='word_1_265' title='bbox 1453 2813 1561 2861; x_wconf 80' lang='lat' dir='ltr'><strong><em>portam</em></strong></span> 
     </span>
     <span class='ocr_line' id='line_1_27' title="bbox 429 2876 1560 2940; baseline 0.002 -14"><span class='ocrx_word' id='word_1_266' title='bbox 429 2877 548 2928; x_wconf 71' lang='lat' dir='ltr'><strong><em>Lamias.</em></strong></span> <span class='ocrx_word' id='word_1_267' title='bbox 586 2881 678 2927; x_wconf 81' lang='lat' dir='ltr'><strong><em>Verum</em></strong></span> <span class='ocrx_word' id='word_1_268' title='bbox 694 2881 840 2929; x_wconf 78' lang='lat' dir='ltr'><strong><em>ambitiosae</em></strong></span> <span class='ocrx_word' id='word_1_269' title='bbox 856 2883 881 2927; x_wconf 89' lang='lat' dir='ltr'><strong><em>et</em></strong></span> <span class='ocrx_word' id='word_1_270' title='bbox 897 2880 998 2937; x_wconf 59' lang='lat' dir='ltr'><strong><em>oudam</em></strong></span> <span class='ocrx_word' id='word_1_271' title='bbox 1018 2879 1125 2940; x_wconf 82' lang='lat' dir='ltr'><strong><em>Nooipet</em></strong></span> <span class='ocrx_word' id='word_1_272' title='bbox 1143 2877 1303 2940; x_wconf 74' lang='lat' dir='ltr'><strong><em>Anticyram.</em></strong></span> <span class='ocrx_word' id='word_1_273' title='bbox 1336 2876 1457 2926; x_wconf 81' lang='lat' dir='ltr'><strong><em>Versibus</em></strong></span> <span class='ocrx_word' id='word_1_274' title='bbox 1478 2885 1560 2928; x_wconf 83' lang='lat' dir='ltr'><strong><em>trans-</em></strong></span> 
     </span>
    </p>
   </div>
   <div class='ocr_carea' id='block_1_6' title="bbox 429 2955 1638 3019">
    <p class='ocr_par' dir='ltr' id='par_1_9' title="bbox 429 2955 1638 3019">
     <span class='ocr_line' id='line_1_28' title="bbox 429 2955 1638 3019; baseline 0.004 -15"><span class='ocrx_word' id='word_1_275' title='bbox 429 2957 525 3019; x_wconf 90' lang='lat' dir='ltr'><strong><em>positis,</em></strong></span> <span class='ocrx_word' id='word_1_276' title='bbox 542 2957 636 3007; x_wconf 88' lang='lat' dir='ltr'><strong><em>duobus</em></strong></span> <span class='ocrx_word' id='word_1_277' title='bbox 653 2972 710 3006; x_wconf 88' lang='lat' dir='ltr'><strong><em>oum</em></strong></span> <span class='ocrx_word' id='word_1_278' title='bbox 727 2958 828 3006; x_wconf 88' lang='lat' dir='ltr'><strong><em>dimidio</em></strong></span> <span class='ocrx_word' id='word_1_279' title='bbox 844 2957 942 3016; x_wconf 83' lang='lat' dir='ltr'><strong><em>eiectis,</em></strong></span> <span class='ocrx_word' id='word_1_280' title='bbox 958 2956 1041 3005; x_wconf 90' lang='lat' dir='ltr'><strong><em>omnia</em></strong></span> <span class='ocrx_word' id='word_1_281' title='bbox 1057 2957 1083 3005; x_wconf 92' lang='lat' dir='ltr'><strong><em>in</em></strong></span> <span class='ocrx_word' id='word_1_282' title='bbox 1097 2957 1151 3006; x_wconf 79' lang='lat' dir='ltr'><strong><em>lure</em></strong></span> <span class='ocrx_word' id='word_1_283' title='bbox 1162 2962 1214 3006; x_wconf 88' lang='lat' dir='ltr'><strong><em>tam</em></strong></span> <span class='ocrx_word' id='word_1_284' title='bbox 1225 2955 1294 3004; x_wconf 86' lang='lat' dir='ltr'><strong><em>clara</em></strong></span> <span class='ocrx_word' id='word_1_285' title='bbox 1304 2963 1434 3019; x_wconf 82' lang='lat' dir='ltr'><strong><em>apparent,</em></strong></span> <span class='ocrx_word' id='word_1_286' title='bbox 1446 2964 1474 3006; x_wconf 89' lang='lat' dir='ltr'><strong><em>ut</em></strong></span> <span class='ocrx_word' id='word_1_287' title='bbox 1485 2973 1561 3009; x_wconf 89' lang='lat' dir='ltr'><strong><em>nemo</em></strong></span> <span class='ocrx_word' id='word_1_288' title='bbox 1634 2965 1638 2970; x_wconf 63' lang='lat'><em>⁴</em></span> 
     </span>
    </p>
   </div>
   <div class='ocr_carea' id='block_1_7' title="bbox 429 3036 1562 4306">
    <p class='ocr_par' dir='ltr' id='par_1_10' title="bbox 429 3036 1562 3889">
     <span class='ocr_line' id='line_1_29' title="bbox 429 3036 1561 3100; baseline 0.006 -17"><span class='ocrx_word' id='word_1_289' title='bbox 429 3036 536 3100; x_wconf 82' lang='lat' dir='ltr'><strong><em>amplius</em></strong></span> <span class='ocrx_word' id='word_1_290' title='bbox 552 3036 697 3085; x_wconf 85' lang='lat' dir='ltr'><strong><em>offendatur.</em></strong></span> <span class='ocrx_word' id='word_1_291' title='bbox 722 3037 827 3085; x_wconf 89' lang='lat' dir='ltr'><strong><em>Horatio</em></strong></span> <span class='ocrx_word' id='word_1_292' title='bbox 844 3037 919 3098; x_wconf 85' lang='lat' dir='ltr'><strong><em>digna</em></strong></span> <span class='ocrx_word' id='word_1_293' title='bbox 935 3043 1006 3085; x_wconf 87' lang='lat' dir='ltr'><strong><em>sunt:</em></strong></span> <span class='ocrx_word' id='word_1_294' title='bbox 1024 3038 1169 3095; x_wconf 82' lang='lat' dir='ltr'><strong><em>„Quisnam</em></strong></span> <span class='ocrx_word' id='word_1_295' title='bbox 1184 3038 1265 3098; x_wconf 76' lang='lat' dir='ltr'><strong><em>iqitur</em></strong></span> <span class='ocrx_word' id='word_1_296' title='bbox 1282 3036 1393 3085; x_wconf 80' lang='lat' dir='ltr'><strong><em>senaa?“</em></strong></span> <span class='ocrx_word' id='word_1_297' title='bbox 1422 3039 1495 3097; x_wconf 78' lang='lat' dir='ltr'><strong><em>„Qui</em></strong></span> <span class='ocrx_word' id='word_1_298' title='bbox 1510 3056 1561 3090; x_wconf 80' lang='lat' dir='ltr'><strong><em>mort</em></strong></span> 
     </span>
     <span class='ocr_line' id='line_1_30' title="bbox 429 3116 1560 3180; baseline 0.006 -17"><span class='ocrx_word' id='word_1_299' title='bbox 429 3118 551 3166; x_wconf 78' lang='lat' dir='ltr'><strong><em>stultae.“</em></strong></span> <span class='ocrx_word' id='word_1_300' title='bbox 584 3117 673 3175; x_wconf 81' lang='lat' dir='ltr'><strong><em>„Quid</em></strong></span> <span class='ocrx_word' id='word_1_301' title='bbox 688 3116 818 3165; x_wconf 84' lang='lat' dir='ltr'><strong><em>anorua?“</em></strong></span> <span class='ocrx_word' id='word_1_302' title='bbox 851 3117 972 3174; x_wconf 78' lang='lat' dir='ltr'><strong><em>„Stultus</em></strong></span> <span class='ocrx_word' id='word_1_303' title='bbox 989 3122 1013 3164; x_wconf 90' lang='lat' dir='ltr'><strong><em>et</em></strong></span> <span class='ocrx_word' id='word_1_304' title='bbox 1029 3117 1142 3164; x_wconf 83' lang='lat' dir='ltr'><strong><em>insonae.</em></strong></span> <span class='ocrx_word' id='word_1_305' title='bbox 1179 3117 1251 3174; x_wconf 81' lang='lat' dir='ltr'><strong><em>Quid</em></strong></span> <span class='ocrx_word' id='word_1_306' title='bbox 1274 3118 1340 3165; x_wconf 87' lang='lat' dir='ltr'><strong><em>enim</em></strong></span> <span class='ocrx_word' id='word_1_307' title='bbox 1361 3117 1464 3180; x_wconf 78' lang='lat' dir='ltr'><strong><em>differt,</em></strong></span> <span class='ocrx_word' id='word_1_308' title='bbox 1486 3122 1560 3170; x_wconf 84' lang='lat' dir='ltr'><strong><em>bora-</em></strong></span> 
     </span>
     <span class='ocr_line' id='line_1_31' title="bbox 431 3196 1560 3262; baseline 0.004 -19"><span class='ocrx_word' id='word_1_309' title='bbox 431 3197 519 3245; x_wconf 86' lang='lat' dir='ltr'><strong><em>tbrone</em></strong></span> <span class='ocrx_word' id='word_1_310' title='bbox 535 3199 633 3255; x_wconf 81' lang='lat' dir='ltr'><strong><em>Dones,</em></strong></span> <span class='ocrx_word' id='word_1_311' title='bbox 650 3196 772 3261; x_wconf 74' lang='lat' dir='ltr'><strong><em>quidquia</em></strong></span> <span class='ocrx_word' id='word_1_312' title='bbox 787 3199 875 3253; x_wconf 83' lang='lat' dir='ltr'><strong><em>babes,</em></strong></span> <span class='ocrx_word' id='word_1_313' title='bbox 898 3213 932 3245; x_wconf 87' lang='lat' dir='ltr'><strong><em>an</em></strong></span> <span class='ocrx_word' id='word_1_314' title='bbox 953 3213 1083 3260; x_wconf 79' lang='lat' dir='ltr'><strong><em>nonquam</em></strong></span> <span class='ocrx_word' id='word_1_315' title='bbox 1103 3203 1178 3247; x_wconf 84' lang='lat' dir='ltr'><strong><em>utare</em></strong></span> <span class='ocrx_word' id='word_1_316' title='bbox 1199 3197 1322 3260; x_wconf 80' lang='lat' dir='ltr'><strong><em>paratis?</em></strong></span> <span class='ocrx_word' id='word_1_317' title='bbox 1355 3199 1463 3262; x_wconf 69' lang='lat' dir='ltr'><strong><em>Namnet</em></strong></span> <span class='ocrx_word' id='word_1_318' title='bbox 1484 3200 1560 3248; x_wconf 77' lang='lat' dir='ltr'><strong><em>Anti-</em></strong></span> 
     </span>
     <span class='ocr_line' id='line_1_32' title="bbox 429 3277 1560 3343; baseline -0.001 -16"><span class='ocrx_word' id='word_1_319' title='bbox 429 3281 540 3340; x_wconf 71' lang='lat' dir='ltr'><strong><em>tyramf‘</em></strong></span> <span class='ocrx_word' id='word_1_320' title='bbox 573 3280 675 3338; x_wconf 64' lang='lat' dir='ltr'><strong><em>„Quia</em></strong></span> <span class='ocrx_word' id='word_1_321' title='bbox 691 3280 712 3327; x_wconf 85' lang='lat' dir='ltr'><strong><em>si</em></strong></span> <span class='ocrx_word' id='word_1_322' title='bbox 728 3281 785 3343; x_wconf 82' lang='lat' dir='ltr'><strong><em>qnia</em></strong></span> <span class='ocrx_word' id='word_1_323' title='bbox 800 3294 851 3327; x_wconf 84' lang='lat' dir='ltr'><strong><em>oon</em></strong></span> <span class='ocrx_word' id='word_1_324' title='bbox 867 3279 1019 3336; x_wconf 73' lang='lat' dir='ltr'><strong><em>titubante,</em></strong></span> <span class='ocrx_word' id='word_1_325' title='bbox 1034 3279 1276 3328; x_wconf 78' lang='lat' dir='ltr'><strong><em>Continaoaanoa?“</em></strong></span> <span class='ocrx_word' id='word_1_326' title='bbox 1305 3277 1454 3337; x_wconf 76' lang='lat' dir='ltr'><strong><em>„lr!inime.“</em></strong></span> <span class='ocrx_word' id='word_1_327' title='bbox 1485 3279 1560 3338; x_wconf 85' lang='lat' dir='ltr'><strong><em>„Gor</em></strong></span> 
     </span>
     <span class='ocr_line' id='line_1_33' title="bbox 431 3357 1562 3420; baseline -0.002 -12"><span class='ocrx_word' id='word_1_328' title='bbox 431 3359 545 3409; x_wconf 79' lang='lat' dir='ltr'><strong><em>Staar‘</em></strong></span> <span class='ocrx_word' id='word_1_329' title='bbox 578 3361 694 3418; x_wconf 79' lang='lat' dir='ltr'><strong><em>„Dicam</em></strong></span> <span class='ocrx_word' id='word_1_330' title='bbox 729 3358 784 3408; x_wconf 84' lang='lat' dir='ltr'><strong><em>Non</em></strong></span> <span class='ocrx_word' id='word_1_331' title='bbox 799 3364 836 3407; x_wconf 85' lang='lat' dir='ltr'><strong><em>est</em></strong></span> <span class='ocrx_word' id='word_1_332' title='bbox 852 3359 996 3414; x_wconf 76' lang='lat' dir='ltr'><strong><em>cardinem,</em></strong></span> <span class='ocrx_word' id='word_1_333' title='bbox 1018 3357 1154 3407; x_wconf 84' lang='lat' dir='ltr'><strong><em>Craterum</em></strong></span> <span class='ocrx_word' id='word_1_334' title='bbox 1170 3359 1265 3407; x_wconf 63' lang='lat' dir='ltr'><strong><em>dante</em></strong></span> <span class='ocrx_word' id='word_1_335' title='bbox 1278 3363 1384 3420; x_wconf 82' lang='lat' dir='ltr'><strong><em>potato,</em></strong></span> <span class='ocrx_word' id='word_1_336' title='bbox 1410 3359 1464 3408; x_wconf 87' lang='lat' dir='ltr'><strong><em>Hio</em></strong></span> <span class='ocrx_word' id='word_1_337' title='bbox 1480 3373 1562 3420; x_wconf 76' lang='lat' dir='ltr'><strong><em>aroer.</em></strong></span> 
     </span>
     <span class='ocr_line' id='line_1_34' title="bbox 430 3439 1562 3502; baseline -0.002 -14"><span class='ocrx_word' id='word_1_338' title='bbox 430 3441 510 3490; x_wconf 82' lang='lat' dir='ltr'><strong><em>Ileote</em></strong></span> <span class='ocrx_word' id='word_1_339' title='bbox 525 3445 562 3488; x_wconf 80' lang='lat' dir='ltr'><strong><em>eat</em></strong></span> <span class='ocrx_word' id='word_1_340' title='bbox 579 3441 672 3501; x_wconf 74' lang='lat' dir='ltr'><strong><em>ipitm,</em></strong></span> <span class='ocrx_word' id='word_1_341' title='bbox 687 3441 832 3502; x_wconf 76' lang='lat' dir='ltr'><strong><em>torpetque?</em></strong></span> <span class='ocrx_word' id='word_1_342' title='bbox 856 3440 979 3501; x_wconf 76' lang='lat' dir='ltr'><strong><em>Nepobit,</em></strong></span> <span class='ocrx_word' id='word_1_343' title='bbox 1003 3439 1077 3496; x_wconf 80' lang='lat' dir='ltr'><strong><em>Quod</em></strong></span> <span class='ocrx_word' id='word_1_344' title='bbox 1102 3441 1170 3487; x_wconf 84' lang='lat' dir='ltr'><strong><em>latas</em></strong></span> <span class='ocrx_word' id='word_1_345' title='bbox 1193 3444 1308 3488; x_wconf 81' lang='lat' dir='ltr'><strong><em>eirenes</em></strong></span> <span class='ocrx_word' id='word_1_346' title='bbox 1328 3440 1410 3488; x_wconf 85' lang='lat' dir='ltr'><strong><em>morto</em></strong></span> <span class='ocrx_word' id='word_1_347' title='bbox 1426 3443 1562 3488; x_wconf 74' lang='lat' dir='ltr'><strong><em>imitantur</em></strong></span> 
     </span>
     <span class='ocr_line' id='line_1_35' title="bbox 429 3517 1562 3581; baseline -0.003 -12"><span class='ocrx_word' id='word_1_348' title='bbox 429 3525 511 3569; x_wconf 80' lang='lat' dir='ltr'><strong><em>arato.</em></strong></span> <span class='ocrx_word' id='word_1_349' title='bbox 544 3520 647 3569; x_wconf 84' lang='lat' dir='ltr'><strong><em>Avarus</em></strong></span> <span class='ocrx_word' id='word_1_350' title='bbox 664 3526 700 3568; x_wconf 87' lang='lat' dir='ltr'><strong><em>est</em></strong></span> <span class='ocrx_word' id='word_1_351' title='bbox 716 3519 805 3568; x_wconf 82' lang='lat' dir='ltr'><strong><em>stultus</em></strong></span> <span class='ocrx_word' id='word_1_352' title='bbox 821 3524 846 3566; x_wconf 90' lang='lat' dir='ltr'><strong><em>et</em></strong></span> <span class='ocrx_word' id='word_1_353' title='bbox 862 3519 970 3567; x_wconf 88' lang='lat' dir='ltr'><strong><em>insanus.</em></strong></span> <span class='ocrx_word' id='word_1_354' title='bbox 1003 3518 1062 3566; x_wconf 89' lang='lat' dir='ltr'><strong><em>Non</em></strong></span> <span class='ocrx_word' id='word_1_355' title='bbox 1079 3519 1145 3566; x_wconf 91' lang='lat' dir='ltr'><strong><em>enim</em></strong></span> <span class='ocrx_word' id='word_1_356' title='bbox 1162 3517 1246 3567; x_wconf 82' lang='lat' dir='ltr'><strong><em>differt</em></strong></span> <span class='ocrx_word' id='word_1_357' title='bbox 1259 3517 1291 3567; x_wconf 87' lang='lat' dir='ltr'><strong><em>ab</em></strong></span> <span class='ocrx_word' id='word_1_358' title='bbox 1308 3533 1348 3576; x_wconf 89' lang='lat' dir='ltr'><strong><em>eo,</em></strong></span> <span class='ocrx_word' id='word_1_359' title='bbox 1366 3517 1562 3581; x_wconf 88' lang='lat' dir='ltr'><strong><em>quisuaomnia</em></strong></span> 
     </span>
     <span class='ocr_line' id='line_1_36' title="bbox 429 3598 1562 3663; baseline -0.001 -16"><span class='ocrx_word' id='word_1_360' title='bbox 429 3600 455 3647; x_wconf 92' lang='lat' dir='ltr'><strong><em>in</em></strong></span> <span class='ocrx_word' id='word_1_361' title='bbox 473 3599 617 3648; x_wconf 83' lang='lat' dir='ltr'><strong><em>barathrum</em></strong></span> <span class='ocrx_word' id='word_1_362' title='bbox 634 3599 721 3649; x_wconf 86' lang='lat' dir='ltr'><strong><em>abiicit.</em></strong></span> <span class='ocrx_word' id='word_1_363' title='bbox 756 3600 857 3649; x_wconf 81' lang='lat' dir='ltr'><strong><em>Avarus</em></strong></span> <span class='ocrx_word' id='word_1_364' title='bbox 874 3599 945 3647; x_wconf 87' lang='lat' dir='ltr'><strong><em>debet</em></strong></span> <span class='ocrx_word' id='word_1_365' title='bbox 961 3598 1080 3660; x_wconf 83' lang='lat' dir='ltr'><strong><em>navigare</em></strong></span> <span class='ocrx_word' id='word_1_366' title='bbox 1097 3599 1253 3663; x_wconf 87' lang='lat' dir='ltr'><strong><em>Anticyram,</em></strong></span> <span class='ocrx_word' id='word_1_367' title='bbox 1270 3605 1299 3647; x_wconf 89' lang='lat' dir='ltr'><strong><em>ut</em></strong></span> <span class='ocrx_word' id='word_1_368' title='bbox 1316 3606 1424 3657; x_wconf 79' lang='lat' dir='ltr'><strong><em>sanetur,</em></strong></span> <span class='ocrx_word' id='word_1_369' title='bbox 1434 3598 1468 3647; x_wconf 90' lang='lat' dir='ltr'><strong><em>ibi</em></strong></span> <span class='ocrx_word' id='word_1_370' title='bbox 1478 3604 1562 3661; x_wconf 86' lang='lat' dir='ltr'><strong><em>potet,</em></strong></span> 
     </span>
     <span class='ocr_line' id='line_1_37' title="bbox 430 3677 1561 3744; baseline 0 -17"><span class='ocrx_word' id='word_1_371' title='bbox 430 3680 549 3744; x_wconf 88' lang='lat' dir='ltr'><strong><em>quidquid</em></strong></span> <span class='ocrx_word' id='word_1_372' title='bbox 565 3680 682 3728; x_wconf 84' lang='lat' dir='ltr'>hellebori</span> <span class='ocrx_word' id='word_1_373' title='bbox 697 3679 788 3743; x_wconf 89' lang='lat' dir='ltr'><strong><em>ubique</em></strong></span> <span class='ocrx_word' id='word_1_374' title='bbox 804 3685 927 3728; x_wconf 84' lang='lat' dir='ltr'><strong><em>nascatur.</em></strong></span> <span class='ocrx_word' id='word_1_375' title='bbox 961 3677 1032 3739; x_wconf 84' lang='lat' dir='ltr'><strong><em>Quae</em></strong></span> <span class='ocrx_word' id='word_1_376' title='bbox 1049 3678 1118 3738; x_wconf 85' lang='lat' dir='ltr'><strong><em>eieci,</em></strong></span> <span class='ocrx_word' id='word_1_377' title='bbox 1144 3693 1194 3726; x_wconf 92' lang='lat' dir='ltr'><strong><em>non</em></strong></span> <span class='ocrx_word' id='word_1_378' title='bbox 1218 3678 1340 3741; x_wconf 85' lang='lat' dir='ltr'><strong><em>intelligo,</em></strong></span> <span class='ocrx_word' id='word_1_379' title='bbox 1365 3692 1411 3725; x_wconf 87' lang='lat' dir='ltr'><strong><em>nec</em></strong></span> <span class='ocrx_word' id='word_1_380' title='bbox 1435 3680 1503 3741; x_wconf 90' lang='lat' dir='ltr'><strong><em>quod</em></strong></span> <span class='ocrx_word' id='word_1_381' title='bbox 1529 3681 1561 3727; x_wconf 86' lang='lat' dir='ltr'><strong><em>ad</em></strong></span> 
     </span>
     <span class='ocr_line' id='line_1_38' title="bbox 430 3758 1561 3822; baseline -0.001 -14"><span class='ocrx_word' id='word_1_382' title='bbox 430 3760 606 3809; x_wconf 83' lang='lat' dir='ltr'><strong><em>eonnexionem</em></strong></span> <span class='ocrx_word' id='word_1_383' title='bbox 622 3774 678 3808; x_wconf 86' lang='lat' dir='ltr'><strong><em>oum</em></strong></span> <span class='ocrx_word' id='word_1_384' title='bbox 695 3765 747 3807; x_wconf 89' lang='lat' dir='ltr'><strong><em>tota</em></strong></span> <span class='ocrx_word' id='word_1_385' title='bbox 762 3759 937 3822; x_wconf 87' lang='lat' dir='ltr'><strong><em>disputatione,</em></strong></span> <span class='ocrx_word' id='word_1_386' title='bbox 954 3772 1000 3807; x_wconf 87' lang='lat' dir='ltr'><strong><em>neo</em></strong></span> <span class='ocrx_word' id='word_1_387' title='bbox 1015 3759 1081 3822; x_wconf 85' lang='lat' dir='ltr'><strong><em>quod</em></strong></span> <span class='ocrx_word' id='word_1_388' title='bbox 1097 3759 1285 3807; x_wconf 78' lang='lat' dir='ltr'><strong><em>adsentantium</em></strong></span> <span class='ocrx_word' id='word_1_389' title='bbox 1299 3759 1408 3821; x_wconf 88' lang='lat' dir='ltr'><strong><em>ipsorum</em></strong></span> <span class='ocrx_word' id='word_1_390' title='bbox 1426 3758 1561 3809; x_wconf 88' lang='lat' dir='ltr'><strong><em>verborum</em></strong></span> 
     </span>
     <span class='ocr_line' id='line_1_39' title="bbox 430 3841 524 3889; baseline 0 -1"><span class='ocrx_word' id='word_1_391' title='bbox 430 3841 524 3889; x_wconf 84' lang='lat' dir='ltr'><strong><em>attinet.</em></strong></span> 
     </span>
    </p>

    <p class='ocr_par' dir='ltr' id='par_1_11' title="bbox 429 3918 1562 4306">
     <span class='ocr_line' id='line_1_40' title="bbox 462 3918 1561 3984; baseline -0.004 -14"><span class='ocrx_word' id='word_1_392' title='bbox 462 3919 588 3984; x_wconf 85' lang='lat' dir='ltr'><strong><em>Gruppius</em></strong></span> <span class='ocrx_word' id='word_1_393' title='bbox 604 3920 631 3968; x_wconf 93' lang='lat' dir='ltr'><strong><em>in</em></strong></span> <span class='ocrx_word' id='word_1_394' title='bbox 647 3920 732 3968; x_wconf 79' lang='lat' dir='ltr'><strong><em>Minoi</em></strong></span> <span class='ocrx_word' id='word_1_395' title='bbox 748 3935 772 3982; x_wconf 91' lang='lat' dir='ltr'><strong><em>p.</em></strong></span> <span class='ocrx_word' id='word_1_396' title='bbox 787 3920 852 3978; x_wconf 77' lang='grc'><strong>240,</strong></span> <span class='ocrx_word' id='word_1_397' title='bbox 867 3933 917 3982; x_wconf 89' lang='lat' dir='ltr'><strong><em>seq.</em></strong></span> <span class='ocrx_word' id='word_1_398' title='bbox 935 3920 1055 3982; x_wconf 82' lang='lat' dir='ltr'><strong><em>genuinos</em></strong></span> <span class='ocrx_word' id='word_1_399' title='bbox 1072 3933 1158 3968; x_wconf 84' lang='lat' dir='ltr'><strong><em>versus</em></strong></span> <span class='ocrx_word' id='word_1_400' title='bbox 1174 3924 1271 3967; x_wconf 86' lang='lat' dir='ltr'><strong><em>tantum</em></strong></span> <span class='ocrx_word' id='word_1_401' title='bbox 1289 3918 1401 3980; x_wconf 81' lang='lat' dir='ltr'><strong><em>agnoseit</em></strong></span> <span class='ocrx_word' id='word_1_402' title='bbox 1417 3918 1477 3966; x_wconf 90' lang='lat' dir='ltr'><strong><em>hos:</em></strong></span> <span class='ocrx_word' id='word_1_403' title='bbox 1501 3918 1561 3976; x_wconf 81' lang='lat' dir='ltr'><strong><em>„Tu</em></strong></span> 
     </span>
     <span class='ocr_line' id='line_1_41' title="bbox 430 3997 1560 4064; baseline -0.003 -15"><span class='ocrx_word' id='word_1_404' title='bbox 430 4005 524 4049; x_wconf 79' lang='lat' dir='ltr'><strong><em>oeseas?</em></strong></span> <span class='ocrx_word' id='word_1_405' title='bbox 540 4002 646 4064; x_wconf 82' lang='lat' dir='ltr'><strong><em>agedum</em></strong></span> <span class='ocrx_word' id='word_1_406' title='bbox 663 4014 732 4048; x_wconf 87' lang='lat' dir='ltr'><strong><em>sume</em></strong></span> <span class='ocrx_word' id='word_1_407' title='bbox 748 4000 795 4048; x_wconf 84' lang='lat' dir='ltr'><strong><em>hoc</em></strong></span> <span class='ocrx_word' id='word_1_408' title='bbox 815 3999 979 4062; x_wconf 89' lang='lat' dir='ltr'><strong><em>ptisanarium</em></strong></span> <span class='ocrx_word' id='word_1_409' title='bbox 1005 4002 1118 4062; x_wconf 85' lang='lat' dir='ltr'><strong><em>oryzae.“</em></strong></span> <span class='ocrx_word' id='word_1_410' title='bbox 1152 3999 1263 4059; x_wconf 81' lang='lat' dir='ltr'><strong><em>„Quanti</em></strong></span> <span class='ocrx_word' id='word_1_411' title='bbox 1287 4002 1399 4047; x_wconf 79' lang='lat' dir='ltr'><strong><em>emtaei“</em></strong></span> <span class='ocrx_word' id='word_1_412' title='bbox 1434 3997 1560 4056; x_wconf 80' lang='lat' dir='ltr'><strong><em>‚,Parvo.“</em></strong></span> 
     </span>
     <span class='ocr_line' id='line_1_42' title="bbox 430 4078 1561 4145; baseline -0.003 -16"><span class='ocrx_word' id='word_1_413' title='bbox 430 4082 540 4143; x_wconf 86' lang='lat' dir='ltr'><strong><em>„Quanti</em></strong></span> <span class='ocrx_word' id='word_1_414' title='bbox 556 4083 647 4145; x_wconf 62' lang='lat' dir='ltr'><strong><em>argei·</em></strong></span> <span class='ocrx_word' id='word_1_415' title='bbox 681 4079 866 4138; x_wconf 84' lang='lat' dir='ltr'><strong><em>„Ootnssibus.“</em></strong></span> <span class='ocrx_word' id='word_1_416' title='bbox 900 4079 994 4135; x_wconf 79' lang='lat' dir='ltr'><strong><em>„Eheu</em></strong></span> <span class='ocrx_word' id='word_1_417' title='bbox 1028 4079 1095 4141; x_wconf 81' lang='lat' dir='ltr'><strong><em>Quid</em></strong></span> <span class='ocrx_word' id='word_1_418' title='bbox 1106 4078 1417 4137; x_wconf 87' lang='lat' dir='ltr'><strong><em>refert,morboanfurtis</em></strong></span> <span class='ocrx_word' id='word_1_419' title='bbox 1427 4091 1561 4140; x_wconf 86' lang='lat' dir='ltr'><strong><em>pereamve</em></strong></span> 
     </span>
     <span class='ocr_line' id='line_1_43' title="bbox 429 4157 1562 4224; baseline -0.002 -16"><span class='ocrx_word' id='word_1_420' title='bbox 429 4161 552 4224; x_wconf 83' lang='lat' dir='ltr'><strong><em>rapinis?“</em></strong></span> <span class='ocrx_word' id='word_1_421' title='bbox 573 4160 711 4222; x_wconf 82' lang='lat' dir='ltr'><strong><em>„Quisnam</em></strong></span> <span class='ocrx_word' id='word_1_422' title='bbox 724 4160 801 4223; x_wconf 85' lang='lat' dir='ltr'><strong><em>igitur</em></strong></span> <span class='ocrx_word' id='word_1_423' title='bbox 813 4161 921 4208; x_wconf 82' lang='lat' dir='ltr'><strong><em>sanue?“</em></strong></span> <span class='ocrx_word' id='word_1_424' title='bbox 948 4158 1015 4220; x_wconf 87' lang='lat' dir='ltr'><strong><em>„Qui</em></strong></span> <span class='ocrx_word' id='word_1_425' title='bbox 1031 4174 1081 4208; x_wconf 91' lang='lat' dir='ltr'><strong><em>non</em></strong></span> <span class='ocrx_word' id='word_1_426' title='bbox 1098 4159 1212 4208; x_wconf 85' lang='lat' dir='ltr'><strong><em>stultus.“</em></strong></span> <span class='ocrx_word' id='word_1_427' title='bbox 1231 4158 1316 4221; x_wconf 81' lang='lat' dir='ltr'><strong><em>„Quid</em></strong></span> <span class='ocrx_word' id='word_1_428' title='bbox 1333 4160 1460 4207; x_wconf 57' lang='lat' dir='ltr'><strong><em>avaruw</em></strong></span> <span class='ocrx_word' id='word_1_429' title='bbox 1475 4157 1562 4217; x_wconf 88' lang='lat' dir='ltr'><strong><em>„Stul-</em></strong></span> 
     </span>
     <span class='ocr_line' id='line_1_44' title="bbox 429 4239 1559 4306; baseline -0.001 -17"><span class='ocrx_word' id='word_1_430' title='bbox 429 4248 470 4289; x_wconf 89' lang='lat' dir='ltr'><strong><em>tus</em></strong></span> <span class='ocrx_word' id='word_1_431' title='bbox 487 4250 512 4290; x_wconf 89' lang='lat' dir='ltr'><strong><em>et</em></strong></span> <span class='ocrx_word' id='word_1_432' title='bbox 527 4242 640 4290; x_wconf 83' lang='lat' dir='ltr'><strong><em>insanus:</em></strong></span> <span class='ocrx_word' id='word_1_433' title='bbox 657 4242 716 4306; x_wconf 90' lang='lat' dir='ltr'><strong><em>quid</em></strong></span> <span class='ocrx_word' id='word_1_434' title='bbox 732 4241 799 4290; x_wconf 92' lang='lat' dir='ltr'><strong><em>enim</em></strong></span> <span class='ocrx_word' id='word_1_435' title='bbox 816 4239 899 4289; x_wconf 85' lang='lat' dir='ltr'><strong><em>differt</em></strong></span> <span class='ocrx_word' id='word_1_436' title='bbox 914 4239 1064 4289; x_wconf 87' lang='lat' dir='ltr'><strong><em>barathrone</em></strong></span> <span class='ocrx_word' id='word_1_437' title='bbox 1097 4241 1182 4289; x_wconf 86' lang='lat' dir='ltr'><strong><em>Dones</em></strong></span> <span class='ocrx_word' id='word_1_438' title='bbox 1203 4241 1321 4304; x_wconf 87' lang='lat' dir='ltr'><strong><em>quidquid</em></strong></span> <span class='ocrx_word' id='word_1_439' title='bbox 1343 4239 1418 4288; x_wconf 87' lang='lat' dir='ltr'><strong><em>babes</em></strong></span> <span class='ocrx_word' id='word_1_440' title='bbox 1440 4254 1473 4287; x_wconf 88' lang='lat' dir='ltr'><strong><em>an</em></strong></span> <span class='ocrx_word' id='word_1_441' title='bbox 1496 4253 1559 4288; x_wconf 90' lang='lat' dir='ltr'><strong><em>nun·</em></strong></span> 
     </span>
    </p>
   </div>
   <div class='ocr_carea' id='block_1_8' title="bbox 430 4323 1560 4462">
    <p class='ocr_par' dir='ltr' id='par_1_12' title="bbox 430 4323 1560 4462">
     <span class='ocr_line' id='line_1_45' title="bbox 430 4323 737 4386; baseline -0.003 -17"><span class='ocrx_word' id='word_1_442' title='bbox 430 4336 505 4384; x_wconf 86' lang='lat' dir='ltr'><strong><em>quem</em></strong></span> <span class='ocrx_word' id='word_1_443' title='bbox 521 4328 594 4371; x_wconf 87' lang='lat' dir='ltr'><strong><em>utare</em></strong></span> <span class='ocrx_word' id='word_1_444' title='bbox 610 4323 702 4386; x_wconf 87' lang='lat' dir='ltr'><strong><em>paratis</em></strong></span> <span class='ocrx_word' id='word_1_445' title='bbox 711 4324 737 4368; x_wconf 84' lang='lat'><strong><em>?“</em></strong></span> 
     </span>
     <span class='ocr_line' id='line_1_46' title="bbox 478 4395 1560 4462; baseline -0.006 -13"><span class='ocrx_word' id='word_1_446' title='bbox 478 4401 509 4449; x_wconf 88' lang='grc' dir='ltr'><strong><em>Ρ.</em></strong></span> <span class='ocrx_word' id='word_1_447' title='bbox 528 4403 582 4451; x_wconf 87' lang='grc'><strong>122.</strong></span> <span class='ocrx_word' id='word_1_448' title='bbox 615 4404 722 4450; x_wconf 85' lang='lat' dir='ltr'><strong><em>Natura</em></strong></span> <span class='ocrx_word' id='word_1_449' title='bbox 737 4400 838 4450; x_wconf 79' lang='lat' dir='ltr'><strong><em>ooircet.</em></strong></span> <span class='ocrx_word' id='word_1_450' title='bbox 874 4397 993 4448; x_wconf 83' lang='lat' dir='ltr'><strong><em>Co&#39;e&#39;roere</em></strong></span> <span class='ocrx_word' id='word_1_451' title='bbox 1010 4405 1046 4447; x_wconf 88' lang='lat' dir='ltr'><strong><em>ost</em></strong></span> <span class='ocrx_word' id='word_1_452' title='bbox 1063 4398 1093 4447; x_wconf 90' lang='lat' dir='ltr'><strong><em>ab</em></strong></span> <span class='ocrx_word' id='word_1_453' title='bbox 1105 4413 1202 4456; x_wconf 75' lang='lat' dir='ltr'><strong><em>aromo,</em></strong></span> <span class='ocrx_word' id='word_1_454' title='bbox 1216 4397 1308 4462; x_wconf 82' lang='grc' dir='ltr'>ἀρκεῖν.</span> <span class='ocrx_word' id='word_1_455' title='bbox 1333 4398 1431 4446; x_wconf 88' lang='lat' dir='ltr'><strong><em>Natura</em></strong></span> <span class='ocrx_word' id='word_1_456' title='bbox 1442 4395 1511 4445; x_wconf 87' lang='lat' dir='ltr'><strong><em>iubet</em></strong></span> <span class='ocrx_word' id='word_1_457' title='bbox 1523 4410 1560 4443; x_wconf 82' lang='lat' dir='ltr'><strong><em>aa·</em></strong></span> 
     </span>
    </p>
   </div>
   <div class='ocr_carea' id='block_1_9' title="bbox 429 4476 1562 4785">
    <p class='ocr_par' dir='ltr' id='par_1_13' title="bbox 429 4476 1562 4689">
     <span class='ocr_line' id='line_1_47' title="bbox 429 4476 1561 4541; baseline -0.004 -12"><span class='ocrx_word' id='word_1_458' title='bbox 429 4482 460 4529; x_wconf 90' lang='lat' dir='ltr'><strong><em>tis</em></strong></span> <span class='ocrx_word' id='word_1_459' title='bbox 476 4495 541 4539; x_wconf 86' lang='lat' dir='ltr'><strong><em>esse,</em></strong></span> <span class='ocrx_word' id='word_1_460' title='bbox 557 4489 699 4530; x_wconf 85' lang='lat' dir='ltr'><strong><em>oontentum</em></strong></span> <span class='ocrx_word' id='word_1_461' title='bbox 716 4493 780 4537; x_wconf 87' lang='lat' dir='ltr'><strong><em>esse,</em></strong></span> <span class='ocrx_word' id='word_1_462' title='bbox 798 4478 896 4538; x_wconf 82' lang='grc' dir='ltr'>ἀρκεῖν,</span> <span class='ocrx_word' id='word_1_463' title='bbox 913 4491 955 4537; x_wconf 88' lang='lat' dir='ltr'><strong><em>eo,</em></strong></span> <span class='ocrx_word' id='word_1_464' title='bbox 973 4479 1039 4540; x_wconf 90' lang='lat' dir='ltr'><strong><em>quod</em></strong></span> <span class='ocrx_word' id='word_1_465' title='bbox 1063 4477 1117 4540; x_wconf 91' lang='lat' dir='ltr'><strong><em>ipsa</em></strong></span> <span class='ocrx_word' id='word_1_466' title='bbox 1142 4476 1203 4526; x_wconf 90' lang='lat' dir='ltr'><strong><em>finit.</em></strong></span> <span class='ocrx_word' id='word_1_467' title='bbox 1237 4479 1291 4526; x_wconf 85' lang='lat' dir='ltr'><strong><em>Nos</em></strong></span> <span class='ocrx_word' id='word_1_468' title='bbox 1316 4477 1343 4527; x_wconf 93' lang='lat' dir='ltr'><strong><em>in</em></strong></span> <span class='ocrx_word' id='word_1_469' title='bbox 1367 4477 1449 4541; x_wconf 89' lang='lat' dir='ltr'><strong><em>patria</em></strong></span> <span class='ocrx_word' id='word_1_470' title='bbox 1472 4476 1561 4539; x_wconf 83' lang='lat' dir='ltr'><strong><em>lingua</em></strong></span> 
     </span>
     <span class='ocr_line' id='line_1_48' title="bbox 429 4554 1562 4634; baseline -0.002 -28"><span class='ocrx_word' id='word_1_471' title='bbox 429 4560 580 4624; x_wconf 85' lang='lat' dir='ltr'><strong><em>appellamus</em></strong></span> <span class='ocrx_word' id='word_1_472' title='bbox 596 4561 721 4610; x_wconf 91' lang='lat' dir='ltr'><strong><em>bominem</em></strong></span> <span class='ocrx_word' id='word_1_473' title='bbox 737 4565 892 4616; x_wconf 81' lang='lat' dir='ltr'><strong><em>contentum,</em></strong></span> <span class='ocrx_word' id='word_1_474' title='bbox 909 4558 952 4619; x_wconf 90' lang='lat' dir='ltr'><strong><em>qui</em></strong></span> <span class='ocrx_word' id='word_1_475' title='bbox 969 4564 1040 4620; x_wconf 89' lang='lat' dir='ltr'><strong><em>putat</em></strong></span> <span class='ocrx_word' id='word_1_476' title='bbox 1056 4571 1083 4606; x_wconf 90' lang='lat' dir='ltr'><strong><em>se</em></strong></span> <span class='ocrx_word' id='word_1_477' title='bbox 1099 4570 1153 4634; x_wconf 90' lang='lat' dir='ltr'><strong><em>rem</em></strong></span> <span class='ocrx_word' id='word_1_478' title='bbox 1170 4558 1229 4606; x_wconf 87' lang='lat' dir='ltr'><strong><em>satis</em></strong></span> <span class='ocrx_word' id='word_1_479' title='bbox 1238 4557 1304 4606; x_wconf 85' lang='lat' dir='ltr'><strong><em>ultra</em></strong></span> <span class='ocrx_word' id='word_1_480' title='bbox 1315 4558 1353 4616; x_wconf 87' lang='lat' dir='ltr'><strong><em>id,</em></strong></span> <span class='ocrx_word' id='word_1_481' title='bbox 1364 4557 1430 4621; x_wconf 87' lang='lat' dir='ltr'><strong><em>quod</em></strong></span> <span class='ocrx_word' id='word_1_482' title='bbox 1442 4554 1562 4619; x_wconf 86' lang='lat' dir='ltr'><strong><em>optabat,</em></strong></span> 
     </span>
     <span class='ocr_line' id='line_1_49' title="bbox 430 4640 1253 4689; baseline 0.002 -2"><span class='ocrx_word' id='word_1_483' title='bbox 430 4640 538 4689; x_wconf 85' lang='lat' dir='ltr'><strong><em>duxisse.</em></strong></span> <span class='ocrx_word' id='word_1_484' title='bbox 1252 4686 1253 4689; x_wconf 75' lang='grc'>,</span> 
     </span>
    </p>

    <p class='ocr_par' dir='ltr' id='par_1_14' title="bbox 479 4717 1561 4785">
     <span class='ocr_line' id='line_1_50' title="bbox 479 4717 1561 4785; baseline -0.005 -17"><span class='ocrx_word' id='word_1_485' title='bbox 479 4720 509 4769; x_wconf 89' lang='lat' dir='ltr'><strong><em>P.</em></strong></span> <span class='ocrx_word' id='word_1_486' title='bbox 528 4722 582 4771; x_wconf 90' lang='grc'><strong>122.</strong></span> <span class='ocrx_word' id='word_1_487' title='bbox 616 4723 741 4785; x_wconf 72' lang='lat' dir='ltr'><strong><em>Aprippa.</em></strong></span> <span class='ocrx_word' id='word_1_488' title='bbox 775 4719 855 4768; x_wconf 87' lang='lat' dir='ltr'><strong><em>Aero:</em></strong></span> <span class='ocrx_word' id='word_1_489' title='bbox 888 4719 964 4777; x_wconf 87' lang='lat' dir='ltr'><strong><em>„Ideo</em></strong></span> <span class='ocrx_word' id='word_1_490' title='bbox 990 4719 1028 4767; x_wconf 86' lang='lat' dir='ltr'><strong><em>vis</em></strong></span> <span class='ocrx_word' id='word_1_491' title='bbox 1052 4717 1227 4782; x_wconf 76' lang='lat' dir='ltr'><strong><em>patrimonium</em></strong></span> <span class='ocrx_word' id='word_1_492' title='bbox 1252 4726 1325 4767; x_wconf 91' lang='lat' dir='ltr'><strong><em>tuum</em></strong></span> <span class='ocrx_word' id='word_1_493' title='bbox 1349 4730 1508 4773; x_wconf 77' lang='lat' dir='ltr'><strong><em>uouemere,</em></strong></span> <span class='ocrx_word' id='word_1_494' title='bbox 1533 4722 1561 4763; x_wconf 91' lang='lat' dir='ltr'><strong><em>ut</em></strong></span> 
     </span>
    </p>
   </div>
   <div class='ocr_carea' id='block_1_10' title="bbox 0 0 1880 5759">
    <p class='ocr_par' dir='ltr' id='par_1_15' title="bbox 0 0 1880 5759">
     <span class='ocr_line' id='line_1_51' title="bbox 0 0 1880 5759; baseline 0 0"><span class='ocrx_word' id='word_1_495' title='bbox 0 0 1880 5759; x_wconf 95' lang='lat' dir='ltr'><strong><em> </em></strong></span> 
     </span>
    </p>
   </div>
  </div>
 </body>
</html>
