3750 5759
449 656 512 719 128
844 654 1190 722 SATIRARUM

490 843 677 908 Accedam?
703 864 745 907 an
768 841 878 927 potius
908 841 1046 907 mediter
1069 842 1164 909 finire
1187 844 1336 910 dolores?

489 947 663 1031 Exclusit,
690 951 837 1012 revocat:
858 946 1011 1011 redeam?
1043 947 1137 1030 Non,
1161 948 1190 1013 si
1211 949 1391 1015 obsecret“
1428 949 1515 1014 Ecce

490 1053 628 1136 Servus,
654 1074 720 1117 non
743 1052 855 1138 paullo
879 1051 1076 1137 sapientior:
1102 1052 1155 1136 „0
1178 1054 1273 1138 here,
1299 1076 1456 1141 quaeres

486 1156 554 1221 Nec
577 1158 713 1222 modum
736 1157 835 1222 habet
857 1177 963 1241 neque
987 1156 1178 1241 consilium,
1202 1158 1329 1223 ratione
1352 1158 1515 1243 modoque

486 1260 628 1325 Tractari
643 1282 709 1325 non
730 1284 752 1326 v
775 1261 812 1325 lt.
861 1260 901 1323 ln
922 1280 1032 1324 amore
1053 1260 1132 1325 haec
1155 1267 1234 1326 sunt
1256 1262 1362 1345 mala,
1385 1261 1527 1344 bellum,

486 1363 557 1449 Pax
578 1386 725 1428 rursum:
748 1363 828 1427 haec
851 1361 880 1427 si
904 1361 978 1447 quis
1007 1364 1215 1447 tempestatis
1234 1386 1335 1451 prope
1357 1364 1425 1429 ritu

486 1466 624 1532 Mobilis
647 1470 680 1531 et
701 1488 795 1531 caeca
812 1464 981 1529 fluitantia
1003 1471 1089 1531 sorte
1109 1468 1235 1533 laboret

487 1572 633 1637 Reddere
652 1576 739 1637 certa
757 1569 836 1653 sibi,
858 1569 964 1633 nihilo
987 1569 1063 1654 plus
1087 1570 1248 1656 explicet,
1272 1572 1352 1637 acsi

484 1673 632 1739 insanire
654 1678 748 1760 paret
771 1677 860 1737 certa
881 1671 1007 1737 ratione
1029 1672 1224 1758 modoque.“

450 1808 452 1812 ·
484 1778 589 1861 Quid,
621 1799 723 1863 quum
745 1775 874 1842 Picenis
903 1798 1077 1861 excerpens
1099 1776 1225 1841 semina
1244 1777 1373 1863 pomis,

484 1881 634 1963 Gaudes,
658 1880 686 1945 si
711 1902 874 1945 cameram
897 1879 1042 1965 percusti
1068 1879 1171 1962 forte,
1193 1903 1294 1966 penes
1318 1886 1351 1946 te
1373 1885 1429 1947 es?

483 1985 587 2070 Quid,
612 2007 714 2071 quum
736 1985 834 2049 balba
857 1983 933 2048 feris
957 1985 1082 2047 annoso
1105 1983 1204 2047 rerba
1225 1984 1352 2068 palato,

481 2089 687 2154 Aedificante
710 2111 801 2155 casas
826 2090 881 2174 qui
906 2088 1035 2153 sanior?
1057 2087 1153 2151 Adde
1176 2109 1321 2153 cruorem

483 2193 651 2259 Stultitiae
675 2199 773 2279 atque
795 2193 907 2278 ignem
929 2192 1041 2278 gladio
1065 2196 1208 2277 scrutare
1231 2192 1344 2276 mod0,
1369 2194 1528 2282 inquam,

482 2297 623 2362 Hellade
645 2319 798 2381 percussa
821 2296 945 2361 Marius
970 2317 1072 2381 quum
1094 2295 1289 2381 praecipitat
1312 2319 1361 2381 se,

469 2451 555 2499 Balbo
573 2450 644 2513 feris
668 2466 761 2501 aaaoso
784 2454 859 2501 verba
884 2452 981 2515 palato.
1026 2461 1074 2504 res,
1092 2448 1212 2508 loqueris:
1230 2447 1431 2509 annosopalato,
1444 2444 1518 2509 quale
1537 2454 1577 2495 est

436 2527 642 2592 Interpretantur,
659 2546 703 2595 per
720 2532 927 2581 constructionem
945 2531 980 2577 in·
1021 2527 1141 2588 palatum
1158 2530 1248 2575 annoti
1263 2526 1428 2585 imiamins
1444 2525 1511 2573 8θῦίῦ
1530 2541 1576 2575 V0·

434 2622 544 2666 versam,
560 2607 631 2670 ferta
652 2613 770 2673 potatam
792 2613 883 2659 verbio.
918 2609 979 2659 Ges·
1022 2618 1076 2652 oem
1092 2604 1269 2653 balbutientem
1285 2605 1383 2668 ineptus
1400 2610 1495 2654 amator
1517 2604 1574 2653 imi-

434 2702 508 2736 nerus
526 2689 696 2752 metaphoram
714 2706 729 2737 a
745 2690 840 2753 plectro
851 2697 876 2738 et
888 2688 979 2738 fidibus
1022 2691 1096 2733 tatur.
1130 2684 1265 2748 comparat
1273 2700 1304 2733 ex
1318 2683 1474 2747 Anthologia
1490 2702 1573 2749 τραυ-

433 2767 979 2831 dueit.FortasseHoratiusridiculumquae-
1020 2764 1083 2820 lliZa
1107 2761 1213 2828 Φὶλτρα,
1240 2771 1265 2813 et
1288 2763 1419 2827 Hesychii:
1446 2763 1572 2828 τραυλόν.

432 2847 491 2896 sivit
507 2848 534 2895 in
552 2848 633 2895 verbis
651 2847 770 2896 feriandis
788 2847 882 2911 palato,
900 2861 979 2910 eoque
1021 2842 1086 2906 tat,
1103 2843 1207 2893 λεπτόν.
1241 2844 1296 2893 Alii
1313 2844 1385 2893 aliter
1404 2844 1572 2906 interpretan-

433 2940 534 2983 annos0‚
550 2934 677 2990 tamquam
695 2930 798 2984 incede,
816 2915 865 2989 qua
882 2928 979 2974 nummi
1020 2928 1074 2982 tur;
1093 2922 1185 2970 Ianus:
1196 2923 1280 2986 seria,
1298 2938 1330 2972 ex
1345 2923 1428 2986 palato
1441 2925 1571 2985 protrudis

432 3005 563 3054 feriuntur.
599 3006 635 3055 Ut
653 3014 736 3053 autem
754 3006 851 3053 nummi
868 3006 979 3063 novi,ita
1019 3008 1047 3049 ut
1072 3002 1117 3049 vix
1144 3002 1330 3065 intelligentam
1358 3001 1570 3066 Oelschlagerus:

431 3091 456 3131 et
478 3085 553 3133 verba
581 3100 645 3133 aava
676 3084 808 3133 feriuntur.
840 3085 920 3147 Epist.
945 3086 977 3133 ad
1012 3083 1095 3143 jeria,
1112 3084 1315 3147 corrumpis,ore
1331 3083 1571 3147 senispronuntiata

430 3164 514 3212 Pison.
531 3165 571 3213 59.
598 3164 735 3227 Siqaatam
758 3170 893 3227 praesente
915 3170 976 3213 nota
1019 3162 1082 3210 fiunt
1104 3165 1192 3221 balba,
1215 3164 1331 3228 τραυλὰ,
1355 3165 1391 3229 μὴ
1408 3163 1479 3229 τορά.
1513 3164 1570 3213 Ista

428 3244 567 3307 procudere
582 3258 720 3292 nummum.
736 3242 831 3293 Fronto
846 3257 905 3305 pag.
918 3242 975 3291 232.
1017 3242 1154 3291 Doderlino
1171 3257 1222 3291 non
1238 3243 1343 3306 placent.
1376 3244 1430 3292 Nec
1445 3242 1516 3291 mihi.

432 3324 473 3372 Ne
494 3324 559 3389 qaod
574 3337 665 3371 aarum
681 3325 782 3371 verbam
799 3328 829 3370 at
845 3336 887 3370 aes
904 3323 976 3370 adal·
1050 3323 1142 3385 Modo,
1163 3325 1281 3386 inquam,
1308 3324 1420 3372 Hellade
1441 3338 1568 3385 perorasse

431 3403 541 3450 tertuum
556 3404 689 3463 procudat.
706 3401 738 3450 In
755 3400 975 3450 huiusmodiblan-
1018 3403 1123 3451 Mariua
1139 3417 1196 3452 cam
1212 3404 1425 3465 praecipitatae,
1445 3401 1568 3454 Caritas

430 3481 497 3530 ditiis
513 3481 593 3529 multa
605 3482 681 3530 verba
697 3481 827 3537 feriuntur,
836 3495 893 3528 cum
902 3493 976 3535 nova,
1009 3480 1090 3542 fait?
1115 3481 1241 3531 Coniicio:
1260 3484 1343 3541 modo,
1363 3484 1480 3545 inquam,
1498 3484 1565 3532 Hel·

429 3566 484 3608 tum
501 3574 580 3608 norae
601 3559 795 3623 significationis.
830 3560 919 3608 Fertre
935 3572 975 3606 co·
1015 3560 1071 3608 lade
1086 3576 1203 3623 pereussa
1213 3562 1299 3609 Marii
1315 3577 1342 3611 se
1357 3563 1564 3625 praecipitantis.

430 3640 527 3702 gnitum
544 3646 581 3688 est
603 3639 644 3688 vel
661 3654 692 3688 ex
710 3638 861 3688 Triumviris
879 3654 938 3686 aa.
951 3653 975 3686 a.
1016 3638 1128 3689 Cerritus
1153 3640 1219 3689 fuit?
1252 3657 1284 3689 an
1317 3649 1400 3690 mente
1424 3646 1565 3691 commota?

423 3718 527 3779 flando,
540 3721 669 3780 sectando.
696 3718 746 3768 Sed
759 3720 832 3766 balba
849 3717 911 3765 mihi
923 3732 974 3765 non
1015 3718 1103 3777 Adde,
1117 3721 1165 3776 ait,
1181 3719 1245 3767 iram
1254 3727 1384 3769 cruentam
1393 3721 1486 3780 amori,
1497 3737 1564 3787 auge

429 3794 515 3868 placet.
544 3800 628 3846 Bulba
646 3798 712 3857 dicit,
731 3799 848 3857 balbutit,
864 3796 906 3861 qui
923 3796 974 3843 bal·
1014 3797 1144 3846 stultitiam
1169 3799 1315 3849 crudelitate
1340 3802 1423 3857 awda,
1446 3800 1564 3863 inquam,

428 3872 550 3923 butientes
575 3877 693 3927 imitatur,
723 3893 747 3926 v.
773 3892 793 3925 c.
818 3891 921 3940 pueros,
946 3884 974 3924 ut
1017 3876 1116 3937 Marii,
1142 3878 1168 3925 in
1188 3881 1292 3927 modum
1311 3879 1402 3937 Marii,
1427 3894 1518 3944 nempe
1535 3890 1564 3931 ut

429 3950 503 4001 Satir.
521 3954 542 4001 1.
565 3970 604 4004 111.
620 3956 661 4005 48.
687 3958 811 4005 Balbutit
838 3958 973 4005 Scaurum.
1014 3956 1113 4004 Marius
1136 3956 1206 4017 fecit,
1231 3974 1288 4007 cum
1312 3974 1350 4017 se,
1376 3960 1483 4009 Hellade
1507 3976 1562 4025 per·

430 4031 513 4081 Senex
530 4042 613 4083 noster
631 4036 747 4085 iuvenem
763 4036 885 4085 imitatur:
903 4036 971 4084 iuve-
1013 4049 1097 4095 cussa,
1114 4037 1292 4100 praecipitavit.
1315 4039 1382 4100 Quid
1400 4044 1477 4103 ergo?
1494 4041 1562 4091 dices

427 4113 466 4161 nis
483 4115 577 4162 blanda
593 4115 675 4173 verba,
688 4119 826 4165 blanditias
844 4115 909 4163 dicit.
928 4114 971 4165 Sc·
1012 4130 1070 4163 cum
1086 4131 1136 4164 non
1148 4116 1222 4165 luisse
1239 4119 1374 4177 insanum,
1393 4134 1469 4183 quem
1485 4121 1561 4172 scele-

427 4206 484 4240 nem
501 4207 550 4241 non
567 4195 637 4243 decet
649 4210 740 4255 amare,
752 4197 844 4245 Dicere
852 4211 897 4245 aec
909 4210 971 4245 cano
1011 4202 1093 4243 ratum
1119 4195 1195 4244 fuisse
1219 4212 1312 4260 negare
1337 4212 1387 4245 non
1409 4203 1494 4262 potes?
1527 4202 1560 4251 Iu

428 4273 565 4321 blanditias
584 4277 681 4336 rapite,
699 4281 727 4322 ut
744 4281 781 4323 est
797 4275 863 4338 apud
882 4274 970 4323 Tibul·
1010 4274 1049 4322 his
1066 4275 1117 4322 fero
1134 4283 1232 4324 secutus
1254 4291 1310 4325 sum
1330 4278 1559 4341 interpretationem

426 4349 487 4398 lum.
521 4350 570 4400 Sed
587 4355 810 4417 quomodocunque
824 4353 905 4401 locum
917 4355 970 4404 Ho-
1010 4354 1226 4406 commentatoris.
1248 4356 1323 4407 blodo
1336 4360 1432 4416 Marii,
1455 4366 1484 4407 ut
1500 4363 1560 4423 apa

425 4430 482 4478 ratii
508 4431 686 4495 interpretare,
709 4434 786 4490 seris,
808 4439 837 4480 ut
856 4432 969 4481 nonnulli
1011 4436 1131 4483 Matinae
1173 4452 1240 4485 more
1276 4439 1394 4500 credoque
1425 4441 1559 4501 carpentis

425 4509 520 4566 volunt,
536 4512 639 4560 minime
656 4512 793 4561 admittam.
1009 4516 1104 4577 thyma.
1139 4517 1344 4578 Praecipitaatr's
1376 4517 1465 4565 melius
1491 4527 1558 4568 certe

456 4587 609 4639 Doderlinus
635 4605 722 4639 verum
738 4597 820 4653 putat,
844 4592 909 4655 quod
931 4598 969 4639 est
1008 4600 1058 4650 est,
1080 4608 1155 4657 quam
1178 4594 1335 4657 praecipuas
1359 4604 1487 4659 acceptum
1512 4613 1557 4661 per

425 4663 449 4711 in
467 4664 524 4715 MS.
542 4668 603 4716 Bad.
621 4670 642 4718 I.
656 4671 738 4730 seres,
764 4670 789 4717 id
810 4676 860 4729 est,
883 4670 968 4733 prose-
1008 4687 1133 4735 syncopen
1152 4688 1197 4735 pro
1215 4676 1408 4737 praecipitavit.
1440 4676 1556 4727 Verbum
