3750 5759
810 713 994 778 LIBER
1040 715 1065 778 Ι.

409 901 511 966 Hunc
534 923 650 966 vexare
674 901 799 984 locum,
824 923 919 966 curae
943 906 1021 966 sunt
1044 905 1142 986 atque
1164 900 1286 984 labori,

408 1005 581 1086 Quantum
603 1005 803 1071 carminibus
827 1026 909 1090 quae
932 1009 1065 1070 versant
1088 1009 1185 1090 atque
1208 1006 1342 1070 venenis

411 1107 586 1174 Humanos
610 1109 746 1173 animos.
796 1108 867 1173 Has
891 1108 984 1172 nullo
1004 1108 1137 1193 perdere
1158 1128 1294 1193 possum

412 1211 482 1277 Nec
502 1211 672 1297 prohibere
695 1211 811 1294 modo,
836 1211 936 1276 simul
959 1233 996 1276 ac
1018 1233 1103 1295 vaga
1123 1210 1203 1275 luna
1226 1210 1377 1276 decorum

410 1313 558 1382 Protulit
580 1339 633 1400 os,
659 1316 739 1402 quin
763 1338 838 1381 ossa
862 1316 977 1400 legant
999 1315 1179 1400 herbasque
1202 1320 1363 1381 nocentes.

413 1416 493 1482 Vidi
516 1425 647 1505 egomet
670 1419 767 1504 nigra
789 1419 988 1485 succinctam
1011 1419 1126 1484 vadere
1150 1418 1239 1503 palla

413 1518 587 1588 Canidiam
607 1524 746 1610 pedibus
771 1524 868 1589 nudis
891 1544 1053 1608 passoque
1077 1522 1213 1607 capil10,

357 1711 360 1714 ‚
414 1623 500 1690 Oum
525 1626 656 1712 Sagana
675 1626 799 1692 maiore
822 1626 1024 1703 ululantem3
1050 1626 1156 1711 pallor
1179 1631 1333 1710 utrasque

413 1726 550 1794 Fecerat
572 1729 749 1796 horrendas
774 1729 941 1814 adspecta.
991 1728 1141 1813 Scalpcre
1166 1733 1285 1793 terram

412 1829 590 1918 Unguibus
613 1839 646 1899 et
668 1833 796 1919 pullam
816 1832 970 1898 divellere
993 1831 1157 1897 mordicus
1179 1854 1299 1917 agnam

413 1933 614 2022 Coeperunt3
642 1959 736 2003 cruor
757 1938 793 2001 in
816 1936 940 2002 fossam
963 1936 1137 2018 confusus,
1162 1940 1200 2000 ut
1225 1936 1301 2000 inde

414 2037 529 2106 Manes
553 2041 706 2106 elicerent
731 2040 859 2106 animas
883 2061 1040 2125 responsa
1065 2040 1206 2105 daturas.

413 2143 525 2209 Lanea
546 2149 580 2210 et
601 2143 724 2230 effigies
747 2149 830 2227 erat,
856 2144 960 2209 altera
983 2165 1088 2226 cerea,
1111 2142 1234 2218 maior;

415 2248 543 2332 Lanea,
569 2271 651 2334 quae
673 2248 788 2335 poenis
812 2252 1032 2333 compesceret
1053 2246 1258 2330 inferiorem,

414 2351 516 2417 Cerea
537 2352 729 2438 suppliciter
752 2352 878 2434 stabat,
903 2351 1076 2416 servilibus
1102 2355 1141 2416 ut
1164 2373 1246 2436 quae

415 2457 489 2520 Iam
511 2456 656 2542 peritura
675 2455 792 2521 modis.
841 2455 990 2520 Hecaten
1013 2459 1109 2520 vocat
1129 2454 1247 2537 altera,
1271 2477 1400 2520 saevam

413 2560 530 2625 Altera
551 2559 768 2645 Tisiphonen3
796 2564 962 2645 serpentes
987 2564 1085 2644 atque
1109 2558 1234 2624 videres

414 2663 564 2728 Infernas
588 2685 692 2728 errare
714 2684 829 2746 canes,
853 2662 1032 2747 lunamque
1053 2662 1242 2745 rubentem,

365 2837 479 2878 terarum
496 2828 536 2877 vel
552 2842 709 2892 quacumque
725 2830 756 2876 de
772 2841 860 2875 caussa
876 2842 918 2875 ex·
960 2842 1066 2889 apuam,
1082 2828 1149 2876 sicat
1166 2833 1231 2875 erat.
1266 2824 1358 2888 Iugulo
1374 2839 1425 2872 non
1441 2825 1509 2886 prius

367 2909 470 2968 cidisse,
493 2915 519 2957 et
538 2908 655 2957 lacunam
677 2923 710 2956 ex
727 2908 810 2971 glossa
826 2907 919 2955 interli·
960 2911 1057 2969 aperto‚
1068 2913 1096 2954 ut
1107 2905 1209 2968 sanguis
1221 2904 1316 2953 facilius
1328 2904 1449 2962 efflueret,
1465 2918 1511 2952 nec

367 2988 438 3036 neari
456 2993 558 3036 tuntum
575 3002 628 3036 esse
645 2986 791 3050 suppletam.
819 2987 920 3050 Optime
960 2985 1023 3049 pelle
1031 2985 1096 3035 ferro
1105 2985 1231 3048 deglupta,
1240 2984 1283 3032 sed
1292 2982 1407 3031 dentibus
1418 2997 1509 3046 agnam

368 3075 435 3116 certe
455 3067 595 3129 legeretur:
616 3068 681 3115 Cum
701 3069 766 3115 mibi
786 3083 836 3116 non
851 3068 919 3116 volu·
960 3065 1129 3122 divulserunt,
1153 3064 1217 3112 sicut
1238 3069 1302 3119 erat,
1325 3076 1381 3110 cum
1402 3061 1466 3124 pelle
1485 3067 1510 3108 et

369 3161 425 3196 cres
435 3148 572 3210 furesque,
584 3147 709 3209 seraeque
724 3151 813 3194 suetae
841 3148 921 3194 Hunc
960 3145 1032 3195 villis.
1066 3145 1134 3194 Nota
1158 3149 1195 3192 est
1219 3142 1326 3191 formula
1350 3143 1417 3190 sicut
1438 3146 1508 3196 erat,

369 3241 464 3275 serare
474 3228 566 3284 boam,
584 3242 661 3274 carce
673 3231 733 3274 sunt
744 3231 820 3288 atque
831 3227 920 3282 labori,
961 3225 995 3282 ὡς
1013 3226 1087 3288 εἶχεν,
1105 3223 1168 3272 nihil
1184 3223 1211 3270 in
1227 3236 1295 3285 agna
1310 3227 1443 3278 mutantes,
1461 3226 1508 3268 sta-

374 3307 507 3365 Qucntum
523 3320 559 3368 sq.
593 3306 625 3354 In
642 3306 722 3369 priore
739 3305 850 3353 membro
864 3311 920 3352 toa·
960 3303 1006 3350 tim
1027 3303 1080 3351 sins
1097 3317 1168 3350 mora
1184 3316 1238 3350 eam
1256 3301 1385 3363 arripiunt.
1419 3297 1509 3348 Confe-

371 3391 424 3434 tum
442 3385 578 3445 omittitur,
604 3393 628 3434 et
652 3385 693 3432 hic
710 3399 738 3433 eo
754 3384 856 3447 quidem
872 3382 919 3431 ele·
960 3389 1048 3430 rantur
1064 3382 1209 3444 interpretes
1234 3381 1266 3428 ad
1283 3378 1398 3441 Xenoph.
1417 3378 1508 3441 Ephss.

372 3464 487 3526 gentius,
507 3464 567 3527 quia
588 3464 697 3528 primum
719 3461 858 3524 legentibus
876 3462 920 3509 vix
960 3463 996 3510 Il.
1018 3477 1042 3524 p.
1059 3460 1115 3509 225.
1138 3459 1175 3507 ed.
1197 3458 1308 3507 Harlem.
1343 3455 1507 3505 Marklandus

371 3543 445 3593 aliam
468 3543 617 3591 sententiam
639 3543 765 3604 suggerit,
782 3557 857 3606 quam
871 3557 921 3589 noa
959 3539 1025 3589 idem
1050 3538 1156 3588 restituit
1181 3536 1260 3587 Statio
1278 3535 1339 3586 silv.
1357 3535 1392 3583 ΙΙ.
1409 3547 1449 3582 111.
1466 3533 1506 3584 33.

370 3627 458 3674 solum.
491 3623 644 3686 Exemplum
662 3622 748 3671 omissi
765 3628 865 3670 tuntum
883 3628 921 3669 est
960 3622 1003 3669 Sic
1020 3625 1075 3669 tota
1091 3635 1146 3668 cunr
1163 3623 1229 3667 veste
1245 3618 1308 3664 ruit.
1330 3614 1456 3678 corrigens
1472 3617 1507 3663 sic

372 3704 397 3752 in
412 3702 513 3755 Horatii
529 3702 611 3752 Satira
626 3703 663 3750 11.
675 3715 714 3749 111.
725 3701 765 3754 87.
785 3703 921 3750 Frumenti
960 3707 988 3747 ut
1001 3705 1058 3748 erat
1069 3715 1124 3746 curu
1136 3703 1200 3746 ceste
1211 3698 1273 3745 ruit.
1284 3695 1426 3757 Vulgatum
1436 3695 1506 3744 intel-

373 3789 498 3846 quantum
524 3783 596 3831 metit
622 3781 723 3843 Africa.
748 3781 827 3844 Epist.
849 3780 920 3830 11.1.
960 3780 1005 3842 ligi
1030 3793 1081 3828 non
1105 3783 1192 3840 potest.
1226 3775 1279 3825 Alii
1302 3775 1386 3824 locum
1408 3775 1507 3824 Horatii

373 3864 428 3916 257.
465 3865 495 3912 Si
520 3867 644 3924 quantum
669 3877 800 3923 eriperem,
823 3876 921 3923 possem
960 3861 995 3910 sio
1011 3859 1181 3921 distinguunt,
1199 3863 1227 3904 ut
1243 3856 1354 3916 scalpere
1370 3857 1475 3917 pendeat
1491 3873 1507 3905 a

372 3959 475 4007 quoqne.
960 3944 1100 4002 coeperunt.
1134 3936 1242 3994 Parum,
1258 3935 1343 3992 credo,
1360 3934 1437 3984 iuvat.

407 4025 446 4072 Et
455 4024 555 4086 pallum
566 4023 682 4070 divellere
693 4021 817 4069 mordicus
828 4036 920 4083 nquam
994 4021 1142 4079 Lunamque
1157 4018 1300 4074 ruberetem5
1328 4012 1369 4064 Ne
1377 4016 1450 4076 soret
1466 4015 1507 4062 liis

376 4102 525 4164 Coeperunt.
566 4100 628 4149 Vidi
655 4098 784 4149 Canidiam
813 4101 919 4156 vadere,
961 4101 1032 4147 testis
1059 4103 1118 4160 port
1148 4110 1240 4156 mapsa
1275 4095 1354 4143 lutere
1382 4095 1506 4155 sepulcro.

374 4181 482 4244 scalpere
496 4187 601 4236 terram,
618 4187 642 4227 et
652 4178 768 4228 divellere
778 4187 919 4242 coeperunt.
960 4177 1043 4240 „Cum
1053 4177 1080 4224 in
1096 4173 1222 4238 Esquiliis,
1238 4172 1272 4220 ait
1288 4172 1506 4235 Doeringius,non

374 4260 435 4323 Quis
452 4260 589 4309 orationem
608 4260 668 4306 adeo
684 4258 805 4306 soloccam
821 4256 852 4305 ab
868 4258 920 4306 Ho-
959 4258 1121 4322 sepelirentur
1161 4254 1293 4308 beatiores,
1326 4251 1441 4315 sepulcra
1480 4254 1505 4300 in

375 4342 435 4390 ratio
455 4339 571 4402 componi
592 4339 701 4401 potuisse
720 4340 819 4388 credat?
852 4339 920 4387 Lati·
960 4336 1041 4384 altum
1076 4340 1202 4385 exstructa
1232 4332 1340 4393 intelligi
1371 4341 1505 4394 nequeunt.

375 4421 438 4470 nitas
458 4418 548 4469 saltem
568 4417 708 4482 postulabat
726 4420 837 4481 coepisse.
871 4417 920 4467 Sed
960 4415 1166 4478 Intelligoigitur
1182 4411 1294 4476 sepulcra
1310 4411 1428 4470 recentia,
1445 4426 1506 4475 quo·

375 4500 496 4551 veneficas
513 4513 563 4548 non
579 4499 920 4562 comaedivellcreagnam,
959 4509 1016 4543 rum
1038 4494 1130 4544 tumuli
1144 4493 1249 4542 maiores
1269 4491 1370 4540 caeteris
1391 4505 1444 4540 esse
1465 4507 1505 4541 so·

376 4590 401 4632 at
421 4595 481 4631 vere
502 4581 646 4638 dimisisse,
671 4579 778 4627 ostendit
798 4593 873 4628 cruor
892 4579 920 4625 in
960 4576 1037 4624 lent.“
1079 4575 1134 4624 Alii
1164 4574 1309 4637 interpretes
1337 4573 1384 4622 ista
1410 4574 1507 4624 silentio

369 4657 602 4724 fossamcoasnsns.
626 4658 693 4720 Quid
702 4657 796 4707 multa?
824 4659 920 4721 Legen-
960 4655 1115 4720 praeteriisse
1141 4655 1265 4704 videntur.
1306 4653 1425 4704 Horatius
1458 4655 1505 4704 for·

376 4740 448 4789 dnm:
464 4745 504 4805 let
529 4740 628 4802 pallam
655 4740 771 4788 divellere
799 4740 923 4788 nrordicus
960 4743 1024 4786 tasse
1049 4736 1096 4785 hoc
1120 4733 1208 4784 voluit:
1230 4734 1251 4782 si
1277 4733 1355 4782 multa
1387 4736 1508 4785 cadavera
