3750 5759
765 694 963 758 LIBER
1010 693 1052 757 ΙΙ.

380 887 503 950 Doctus
520 885 581 949 eris
603 883 713 948 vivam
737 887 845 947 musto
870 903 1009 946 mersare
1027 881 1183 945 Falerno:

379 989 451 1053 Hoc
479 994 623 1054 teneram
644 987 750 1051 faciet
798 985 1011 1050 Pratensibus
1034 985 1159 1070 optima
1179 982 1290 1068 fungis

378 1092 504 1157 Natura
526 1097 592 1157 est:
617 1090 691 1155 aliis
715 1089 801 1154 male
821 1088 971 1154 creditur.
1019 1089 1079 1153 ssle
1100 1087 1244 1154 salubres

377 1194 528 1260 Aestates
552 1199 704 1280 peraget,
729 1193 784 1278 qui
808 1191 910 1278 nigris
939 1191 1077 1276 prandia
1095 1191 1195 1256 moris

378 1298 505 1380 Finiet,
528 1303 605 1363 ante
627 1318 759 1383 gravem
783 1317 865 1380 quae
892 1295 1008 1379 legerit
1030 1295 1142 1360 arbore
1165 1295 1275 1359 selem.

377 1403 529 1468 Aufidius
552 1402 629 1467 forti
651 1401 811 1467 miscebat
832 1399 932 1465 mella
956 1400 1109 1481 Falern0,

333 1553 471 1608 pretentes,
488 1545 516 1594 in
531 1560 560 1594 eo
577 1544 628 1594 fere
644 1550 715 1601 sunt,
735 1550 763 1590 ut
779 1541 882 1605 exsequi
922 1539 1043 1588 tilinaria:
1067 1541 1154 1598 Urbes,
1167 1541 1282 1598 coloniae,
1294 1545 1318 1588 et
1329 1541 1467 1601 neaniaipia

333 1625 420 1674 nolint.
445 1626 565 1674 Horatius
576 1624 698 1687 figurate,
715 1629 743 1670 ut
756 1622 831 1672 Satir.
844 1621 882 1670 ΙΙ.
922 1623 1106 1683 respondebant
1135 1619 1261 1668 Catilinae
1289 1621 1394 1668 tumulis
1420 1620 1465 1668 sil·

335 1720 384 1753 vrr.
405 1706 445 1753 85.
472 1701 881 1768 Responsareeapidinibas:103.
922 1702 1058 1750 vestr-ibus:
1072 1699 1250 1751 AdAttieum:
1274 1701 1310 1748 Ut
1318 1701 1412 1762 possim
1423 1699 1473 1747 tibi

338 1787 435 1833 (ninius
452 1785 533 1833 coenis
545 1788 676 1846 responsat
687 1782 785 1843 opimis.
803 1778 882 1842 Epist.
923 1781 1021 1843 aliquid
1041 1781 1193 1843 respondere.
1226 1776 1275 1828 Sed
1297 1779 1327 1827 de
1348 1778 1402 1827 istis
1425 1778 1467 1827 alii

338 1860 359 1909 Ι.
373 1877 392 1910 1.
410 1863 450 1911 68.
477 1863 522 1925 qai
539 1861 665 1924 fortunae
690 1866 715 1909 te
738 1872 884 1921 responsare
922 1857 1042 1906 viderint:
1064 1865 1124 1907 sunt
1140 1859 1206 1907 enim
1223 1858 1336 1907 obscura:
1359 1872 1404 1906 nec
1420 1857 1468 1907 Ca-

337 1945 458 2003 saperdae
483 1942 603 1990 Liberam
627 1946 653 1990 et
677 1944 786 1988 ereetum
808 1953 882 2000 prae·
922 1936 1086 1986 tilinariarum
1102 1938 1241 1987 auctoritati
1256 1937 1363 1986 multum
1379 1936 1468 1985 tribuo.

337 2033 392 2068 sens
403 2022 522 2069 bortatur
533 2027 558 2069 et
569 2025 651 2083 aptat.
678 2019 792 2067 Eandem
807 2017 881 2079 signi-
922 2016 979 2064 Nisi
1000 2017 1101 2066 meliora
1122 2017 1271 2076 afferantur,
1289 2017 1421 2065 Horatium
1440 2016 1467 2063 in

336 2097 475 2147 ficationem
492 2101 572 2162 vulgo
589 2099 700 2146 tribuunt
716 2096 821 2159 simplici
832 2112 882 2144 res·
922 2095 1002 2158 Epist.
1029 2096 1065 2144 11.
1090 2110 1119 2144 11.
1144 2097 1183 2148 47.
1210 2096 1334 2158 scripsisse
1359 2095 1466 2158 putabo:

334 2178 456 2237 pondere,
473 2183 546 2239 atque
557 2177 592 2224 ita
602 2176 736 2225 Horatium
745 2189 799 2224 esse
809 2188 882 2222 usum
925 2172 1064 2237 Ciuilisqae
1079 2176 1167 2223 rudem
1184 2176 1242 2223 delii
1258 2175 1319 2222 salit
1335 2179 1420 2222 metas
1441 2175 1468 2221 in

336 2255 425 2304 volunt
449 2256 529 2319 Epist,
554 2256 591 2305 11.
615 2270 644 2304 11.
665 2256 706 2307 47.
747 2254 883 2316 Ctvdnqae
923 2268 1010 2312 arma,
1030 2254 1148 2302 Caesaris
1164 2254 1275 2315 depasti
1289 2259 1469 2316 responsatnra

336 2337 425 2383 rudem
450 2336 508 2384 belii
538 2337 599 2384 tulit
630 2341 716 2384 aestas
740 2338 768 2382 in
792 2349 882 2395 arcia,
923 2333 1033 2381 lacertis.
1068 2334 1163 2392 Arma,
1179 2347 1242 2395 quae
1253 2332 1345 2381 seilicet
1355 2332 1469 2381 resistere

339 2414 460 2462 Caesaris
477 2416 589 2476 Aapasti
609 2430 658 2463 non
677 2428 830 2475 responsura
846 2413 882 2460 ia·
922 2411 1044 2460 auderent
1063 2419 1088 2460 ct
1109 2420 1208 2475 possent
1228 2411 1326 2460 lacertis
1345 2413 1468 2476 Augusti!

335 2495 420 2541 certis.
454 2493 608 2556 Porphyrio:
625 2494 702 2552 „Non
718 2505 882 2554 resperserat
922 2491 1020 2539 Ironice
1044 2492 1154 2556 loquitur
1178 2493 1209 2540 de
1234 2492 1323 2540 militia
1347 2507 1404 2554 sua;
1429 2494 1469 2541 hic

335 2570 450 2634 imparia.
486 2573 561 2622 Bruti
586 2579 669 2620 autem
695 2586 765 2619 arma
789 2569 882 2633 signifi-
923 2569 1035 2634 Philippi
1057 2586 1114 2618 eum
1137 2571 1257 2619 demisere
1274 2570 1393 2619 humilem
1411 2586 1468 2635 pen·

336 2657 399 2698 cat.“
433 2651 562 2701 Sententia
582 2651 682 2714 quidem
704 2649 882 2713 interpretatio·
922 2649 960 2697 nis
977 2650 1078 2709 decisis,
1095 2650 1121 2698 in
1138 2649 1310 2700 Carminibus:
1335 2653 1470 2714 Philippos

337 2742 395 2777 nem
412 2730 533 2788 admittit,
550 2744 746 2792 anrespansara
763 2729 884 2786 admittat,
922 2733 947 2776 et
964 2732 1065 2777 aeteram
1075 2726 1170 2790 sapam
1210 2728 1293 2779 Sensit
1314 2731 1404 2777 relicta
1420 2746 1470 2778 riost

337 2808 430 2857 dubito.
463 2795 528 2866 R'es,
550 2824 613 2871 quae
631 2824 682 2857 non
699 2809 831 2871 respondet
848 2810 883 2855 at·
923 2809 982 2856 bene
996 2809 1123 2869 parracio.

338 2890 387 2936 teri
407 2889 459 2946 rei,
485 2903 537 2937 non
557 2888 676 2937 satisfacit
697 2888 884 2953 exspectationi,
958 2885 1008 2936 Sed
1024 2886 1096 2934 redeo
1113 2887 1145 2933 ad
1165 2899 1265 2934 versum
1287 2894 1410 2935 nostrum:
1430 2889 1469 2936 Ne

337 2982 413 3031 quam
429 2982 468 3015 res
480 2968 558 3016 altera
568 2976 722 3030 conceperat;
739 2968 805 3031 quod
815 2981 884 3029 prae.
923 2968 1022 3026 paltina
1039 2968 1134 3013 asaiam
1151 2971 1278 3027 responset
1290 2968 1357 3014 dura
1372 2968 1467 3030 palato.

337 3046 884 3110 statur,exspectationemnonaequat,dis·
925 3043 954 3093 Si
980 3046 1074 3093 malum
1096 3043 1176 3092 adhuc
1196 3058 1211 3091 a
1231 3045 1329 3093 nemine
1351 3045 1470 3109 explicari

337 3126 430 3184 simile,
447 3127 527 3189 impar
543 3135 594 3185 est,
620 3141 670 3174 uon
687 3126 817 3188 respondet
833 3126 884 3188 opi·
903 3136 905 3193 t
923 3125 1017 3187 potuit,
1033 3124 1069 3172 ita
1085 3131 1112 3172 ut
1128 3123 1262 3186 castigatae
1273 3125 1402 3174 Latinitati
1412 3142 1468 3176 con-

337 3207 418 3264 nioni‚
440 3207 530 3269 optatis
552 3221 603 3253 non
624 3207 761 3268 respondet.
795 3206 883 3254 Horat.
903 3205 906 3265 ᾖ
923 3205 1005 3262 venit,
1030 3204 1132 3252 verbum
1157 3219 1211 3253 esse
1235 3212 1378 3268 corruptum
1399 3221 1468 3255 vero-

338 3287 413 3336 Satir.
437 3287 474 3336 II.
501 3301 558 3334 v111.
580 3286 620 3334 66,
655 3287 819 3348 Responsura
841 3291 884 3333 tao
903 3272 906 3287 '
923 3284 1005 3332 simile
1033 3285 1138 3332 videtur.
1183 3283 1236 3332 Cur
1267 3286 1386 3334 Horatius
1418 3302 1478 3344 non,

337 3381 466 3429 nunquam
487 3373 526 3414 est
546 3380 597 3428 par
607 3365 684 3425 fania
701 3364 788 3411 labori.
805 3362 884 3425 Epist.
922 3364 1069 3425 scripsisset:
1100 3365 1138 3410 Ne
1155 3365 1224 3411 raom
1245 3366 1341 3424 pollina
1363 3368 1468 3414 resistat

337 3445 409 3494 11,1.
427 3445 450 3493 9.
487 3447 624 3492 Pioraoere
644 3445 698 3490 sais
718 3457 767 3490 rma
785 3457 884 3503 respon-
925 3446 991 3491 dara
1007 3447 1102 3505 putoto.
1119 3442 1206 3489 Prima
1215 3443 1370 3505 corruptelae
1380 3459 1468 3495 caussa

338 3527 396 3573 dere
400 3523 518 3586 saonem
536 3524 674 3585 Speratum
686 3522 791 3569 aseritis.
805 3522 885 3568 Arma
923 3523 950 3570 in
972 3521 1096 3570 vocabulis
1118 3520 1286 3583 transpositis:
1315 3527 1352 3570 na
1372 3527 1468 3583 pollina

339 3605 479 3652 Bratinon
490 3616 643 3664 responsura
654 3603 755 3649 tuentis
767 3603 884 3662 depasti,
925 3605 999 3650 molti.
1032 3599 1161 3649 Vocabula
1174 3599 1201 3646 in
1214 3598 1301 3649 Satiris
1313 3609 1338 3648 et
1348 3601 1468 3664 Epistolis

903 3663 906 3676 t

904 3677 906 3684 t

339 3684 371 3731 ad
396 3697 453 3731 eam
477 3681 596 3730 rationem
617 3679 741 3741 explicata
761 3678 884 3739 significa·
903 3690 906 3799 1
924 3681 1016 3729 centies
1033 3680 1107 3728 fuisse
1124 3679 1285 3742 transposita,
1306 3694 1378 3729 nemo
1398 3683 1467 3745 igno·

338 3773 407 3822 rent,
430 3763 537 3811 Brutum
568 3776 619 3809 non
644 3758 793 3807 satisfecisse
820 3757 884 3820 spei,
922 3768 975 3819 rat,
1000 3767 1024 3809 et
1043 3760 1093 3808 iam
1115 3759 1186 3816 alibi,
1204 3767 1232 3808 ut
1253 3758 1344 3809 fontem
1367 3762 1467 3811 vitiatae

338 3858 413 3906 quam
429 3843 564 3904 Augustus
575 3841 605 3887 de
617 3854 645 3888 eo
657 3843 810 3900 conceperat,
821 3836 884 3885 Bru·
903 3802 906 3918 i
923 3841 1058 3903 scripturae
1069 3839 1233 3898 uberrimum,
1245 3840 1393 3890 notavimus.
1412 3843 1467 3891 Iam

338 3929 440 3986 tumque
457 3921 518 3969 adeo
534 3928 559 3969 et
571 3922 717 3983 Augustum
734 3918 809 3967 fuisse
825 3918 885 3965 ami·
904 3921 906 3937 ³
923 3921 993 3969 malli
1003 3926 1056 3968 erat
1066 3920 1223 3978 mutandum,
1241 3923 1305 3969 mate
1315 3923 1470 3985 repugnabat

338 4016 387 4050 eos.
406 4002 566 4063 Respondere
580 4014 677 4062 semper
694 3997 883 4047 similitudinem
903 3943 906 4051 i
923 4006 1015 4060 metro,
1036 4015 1096 4064 ergo
1117 4001 1268 4050 scribebatur
1288 4005 1394 4060 malam,
1413 4020 1466 4053 mu-

338 4095 436 4141 rerum,
452 4086 481 4127 ut
497 4080 543 4127 hoe
560 4088 632 4134 utar,
650 4078 757 4126 aradam
774 4090 824 4123 non
837 4077 885 4123 ini·
904 4067 906 4076 '
923 4080 1027 4129 tandum
1044 4087 1098 4128 erat
1113 4083 1231 4138 resistat,
1250 4080 1400 4131 scribebatur
1417 4101 1466 4134 res·

340 4163 431 4209 micam
450 4159 554 4214 indicat,
575 4166 641 4205 certe
663 4170 712 4204 non
730 4154 818 4212 talem,
836 4169 885 4217 qua
923 4168 1018 4222 pomer.
1051 4161 1107 4209 Iam
1123 4164 1190 4209 dara
1205 4163 1301 4223 pattena
1312 4162 1414 4225 pulchre
1426 4178 1467 4226 op-

339 4240 445 4298 Brutus,
467 4239 494 4286 in
514 4252 598 4300 pugna
618 4236 737 4298 Augusto
760 4236 839 4297 impar
860 4242 885 4281 et
904 4262 906 4303 ᾖ
924 4239 1024 4302 ponitur
1041 4243 1110 4288 mom
1123 4243 1217 4302 palato,

339 4317 370 4365 ab
387 4331 416 4365 co
432 4316 526 4373 victus,
543 4306 906 4376 Augustonanrespcndisseff
957 4318 1106 4368 Doderlinus
1132 4335 1229 4383 quoque
1248 4321 1378 4370 discrimen
1402 4323 1467 4372 inter

339 4397 466 4445 diceretur.
500 4394 595 4442 Afferri
615 4394 686 4441 Video
708 4393 766 4440 bina
788 4392 884 4441 Cicero·
904 4436 906 4464 ,
925 4401 1070 4460 respondere
1086 4406 1110 4446 et
1126 4415 1272 4461 responsore
1289 4403 1468 4460 animadvertit,

339 4479 378 4525 nis
394 4475 520 4539 exempla,
537 4489 615 4522 unum
631 4488 664 4521 ex
681 4472 827 4522 Catilinaria
844 4474 880 4522 Π.
901 4469 905 4503 ¹*
926 4493 971 4527 nec
992 4486 1114 4526 recusaret
1136 4481 1229 4526 irratam
1253 4484 1401 4543 respondent
1425 4498 1470 4546 pro

342 4561 380 4608 ll.
406 4557 511 4606 alterum
534 4571 566 4604 ex
585 4555 665 4616 Epist.
687 4554 719 4600 ad
741 4554 818 4602 Attio.
836 4554 884 4602 IV.
904 4575 907 4580 ·
926 4560 1112 4607 tinnimentum
1127 4545 1469 4626 taruenpbtiusaecipitqua-

342 4639 379 4686 10.
412 4638 549 4695 Neutrum,
571 4635 636 4698 quod
654 4635 693 4681 hie
710 4644 763 4682 erat
780 4633 884 4696 proban·
926 4637 948 4685 si
975 4637 1001 4684 in
1029 4637 1167 4700 parenthesi
1195 4639 1315 4702 positum,
1346 4649 1373 4690 ut
1404 4645 1468 4693 indi·

339 4719 413 4776 dum,
430 4718 491 4766 mihi
508 4717 567 4765 satis
585 4715 687 4778 probare
705 4716 810 4763 videtur.
839 4714 885 4764 Ca·
927 4723 1017 4780 paam!

906 4772 908 4781 ι
