3750 5759
768 665 1120 736 SATlllAliUlll

420 862 531 950 Signis
555 859 707 948 perfacile
730 870 788 927 est.
837 859 938 925 Venit
962 856 1125 923 vilissima
1148 875 1254 919 rerum

419 968 485 1033 Hic
508 989 608 1053 aqua;
633 967 690 1033 sed
713 966 808 1052 panis
832 965 930 1048 longe
955 959 1212 1047 pulcherrimus,
1237 956 1326 1021 ultra

422 1071 569 1137 Callidus
593 1075 631 1136 ut
654 1070 758 1136 soleat
780 1067 924 1133 humeris
949 1069 1078 1151 portare
1101 1062 1223 1127 viator:

422 1175 510 1240 Nam
534 1175 657 1241 Canusi
680 1173 865 1260 lapidosus3
888 1191 991 1256 aquae
1016 1189 1082 1232 non
1109 1165 1208 1230 ditior
1233 1185 1334 1229 urna:

422 1278 485 1358 Qui
508 1279 599 1344 locus
623 1301 643 1344 a
666 1277 744 1343 forti
769 1275 928 1341 Diomede
952 1279 1002 1338 est
1025 1269 1177 1336 conditus
1202 1267 1292 1332 olim.

422 1382 595 1447 Flentibus
619 1382 673 1447 hic
697 1382 816 1448 Varius
838 1365 979 1445 discedit
1001 1379 1146 1440 moestus
1171 1370 1296 1437 amicis.

420 1485 501 1551 lnde
525 1487 637 1553 Rubos
660 1486 740 1552 fessi
762 1482 989 1572 pervenimus3
1015 1483 1129 1564 utpote
1151 1476 1292 1560 longum

423 1588 601 1675 Carpentes
625 1590 687 1656 iter
710 1589 892 1656 etfaciam
915 1583 1099 1670 corruptius
1124 1579 1230 1645 imbri.

334 1718 337 1723 ·
420 1692 556 1760 Postera
579 1701 756 1781 tempestas
780 1692 912 1774 melior,
936 1689 991 1755 via
1013 1687 1104 1774 peior
1127 1685 1168 1750 ad
1192 1703 1297 1768 usque

421 1795 498 1861 Bari
521 1798 651 1864 moenia
673 1797 810 1884 piscosi:
836 1795 953 1861 dehinc
978 1792 1101 1859 Gnatia
1124 1785 1269 1873 lymphis

410 1985 463 2043 Qui
479 1985 547 2034 locus
563 2001 580 2033 a
590 1985 661 2049 sorti
680 1986 796 2034 Diomede
812 1989 850 2032 est
866 1998 921 2032 con·
963 1987 1033 2048 lonpe
1047 1989 1241 2049 prclclrerrimns,
1258 1990 1331 2038 altra
1350 1986 1465 2036 Callidus
1479 1991 1504 2034 at

373 2065 519 2114 ditasolinr.
537 2065 664 2114 Bentleius
673 2079 782 2120 versum,
794 2071 922 2125 tamquam
941 1984 944 2092 i
962 2069 1041 2116 soleat
1059 2069 1169 2117 iustioris
1189 2074 1294 2131 pariare
1309 2067 1412 2116 aaron
1447 2064 1505 2114 Nam

374 2144 487 2206 spurium
503 2145 580 2203 elicit,
598 2159 627 2193 ca
644 2145 921 2208 praecipucdceaussa,
965 2146 1063 2195 Canusi
1087 2147 1229 2208 lapidosas,-
1258 2161 1340 2209 aquae
1363 2161 1408 2195 nec
1433 2145 1506 2194 ditias

374 2224 434 2286 quia
450 2225 531 2272 locam
548 2226 652 2272 catdm
662 2224 684 2273 ei
696 2239 727 2272 ne
738 2224 857 2272 Larinum
868 2222 921 2285 qui·
963 2240 1037 2273 arna.
1055 2224 1174 2274 Horatius
1185 2240 1214 2274 ea
1225 2232 1296 2273 nocte
1307 2224 1400 2273 mansit
1412 2223 1505 2287 Aequo

373 2305 430 2351 dem
442 2302 578 2352 videbatur.
601 2304 739 2353 Prudenter
751 2312 834 2351 tamen
846 2301 922 2356 addit,
962 2304 1025 2352 tutii.
1064 2305 1174 2366 Pergerc
1207 2306 1327 2368 potuisset
1362 2302 1507 2359 Canusium,

374 2397 400 2431 se
416 2397 467 2430 non
484 2383 637 2441 meminisse,
655 2397 806 2447 quemquam
823 2381 922 2429 sicesse
962 2382 1044 2446 ibique
1061 2398 1168 2433 manere.
1205 2384 1253 2434 Sed
1271 2383 1341 2446 panis
1359 2382 1394 2431 ibi
1410 2388 1463 2432 erat
1476 2381 1508 2430 la-

373 2462 490 2511 locutum.
533 2463 686 2525 Deeringius
711 2463 775 2510 hanc
800 2462 921 2510 rationem
942 2461 1075 2523 ,pidosus;
1093 2477 1172 2526 neque
1195 2478 1259 2527 aqua
1281 2462 1415 2526 eopiosior,
1438 2475 1508 2525 quam

373 2541 447 2589 habet
466 2541 652 2605 gravissimam,
680 2542 759 2589 altera
774 2540 922 2588 Bentleiana
942 2520 944 2561 Ι
963 2542 1117 2605 Aequotutii.
1151 2543 1289 2593 Canusium
1306 2556 1357 2590 non
1369 2547 1423 2590 erat
1439 2540 1509 2588 ditius

374 2622 528 2683 graviorem,
545 2637 594 2684 qua
610 2629 736 2684 permotus
753 2621 864 2683 ineptum
883 2634 921 2666 ar·
963 2636 1129 2685 arnaaqaae.
1160 2625 1234 2672 Urna
1246 2637 1326 2684 aquae
1336 2627 1366 2668 ut
1377 2619 1436 2669 alibi
1447 2636 1510 2668 arna

375 2701 487 2761 bitratur,
497 2704 562 2766 quod
570 2702 680 2751 eonditor
690 2700 792 2751 Canusii
801 2700 842 2748 hic
852 2713 921 2747 more
962 2703 1061 2764 liquidi.
1079 2704 1198 2752 Horatius
1208 2701 1351 2766 posterodie
1359 2701 1395 2749 sie
1404 2707 1508 2764 praeter·

374 2781 580 2844 Geographorum
606 2781 782 2829 nominaretur.
817 2780 851 2828 Et
875 2778 921 2826 boc
961 2780 990 2828 iit
1001 2779 1149 2844 Canusium,
1160 2794 1184 2832 et
1201 2788 1268 2830 recta
1285 2780 1410 2830 contendit
1419 2779 1509 2830 Rubos.

372 2875 420 2923 ego
441 2862 552 2925 ineptum
578 2869 645 2925 puto.
677 2861 765 2924 Neque
782 2873 869 2907 versus
887 2858 922 2906 ita
996 2862 1065 2910 Bari
1076 2865 1171 2912 atcania
1186 2863 1288 2926 piscosi,
1305 2861 1395 2910 debinc
1414 2861 1510 2909 Gnatia

372 2942 465 3003 positus
483 2949 538 3004 apte
555 2940 642 2989 referri
658 2946 738 3003 potest
755 2939 786 2986 ad
802 2937 866 2986 illud
878 2952 920 2999 op·
962 2941 1080 3003 ipntpltis.
1114 2942 1241 2991 Bentleius
1258 2955 1291 2989 ex
1307 2938 1385 2989 MSS.
1403 2941 1510 2998 dein,ut
1540 2958 1546 2980 ι

371 3022 501 3084 pidulum‚
518 3029 636 3070 ettamen
649 3020 734 3069 referri
746 3019 825 3067 debet.
848 3018 921 3079 Quod
961 3019 1096 3070 evitaretur
1112 3036 1245 3071 concursus
1258 3025 1365 3084 quatuor
1377 3032 1509 3066 consonan-

372 3103 404 3148 ad
421 3103 501 3150 locum
518 3104 621 3150 condere
637 3115 682 3162 pro
694 3101 790 3149 colonos
801 3100 828 3145 in
840 3101 920 3147 locant
961 3098 1032 3148 tium.
1067 3100 1116 3150 Sed
1137 3101 1196 3165 quid
1224 3102 1338 3150 Gnatia?
1373 3097 1426 3148 Ubi
1451 3097 1509 3161 legi·

372 3182 503 3237 deducere,
521 3184 600 3229 locam
618 3183 678 3228 verbe
694 3181 836 3235 instruere,
856 3177 918 3224 mul·
961 3184 1002 3225 tur
1018 3193 1063 3241 pro
1082 3181 1209 3243 Epnatia,
1231 3186 1405 3243 praeterquam
1427 3178 1454 3227 in
1473 3178 1509 3226 iti·

371 3259 403 3307 tis
420 3273 493 3322 saepe
509 3258 662 3308 intolerabile
679 3259 775 3316 risum,
797 3265 825 3305 ut
842 3257 919 3306 Grae·
960 3259 1059 3306 uerario
1071 3257 1210 3308 Antonini?
1228 3260 1509 3324 Aphaeresis‚quapro

371 3353 427 3387 cum
444 3340 536 3395 κτίζειν
558 3338 652 3398 νήσους
669 3338 724 3386 sim.
741 3343 796 3400 post
814 3336 919 3386 Salmas.
960 3338 1088 3386 nuntiatur
1102 3339 1201 3387 Gnatia
1212 3354 1257 3402 pro
1269 3341 1397 3403 Epnatia,
1413 3338 1510 3388 videtur

370 3421 403 3468 ad
419 3418 524 3468 Tertull.
542 3420 572 3467 de
588 3417 669 3467 Pallio
691 3433 715 3481 p.
739 3418 792 3470 170.
811 3417 919 3466 illustra·
960 3425 1014 3464 orta
1031 3432 1064 3466 ex
1084 3419 1260 3467 consuetudine
1282 3419 1367 3482 vulgi,
1392 3432 1438 3466 nec
1461 3418 1509 3467 scio

369 3507 428 3548 runt
448 3499 554 3550 Vossius
576 3499 608 3546 ad
629 3498 750 3561 Pompon.
773 3497 875 3546 Melam.
897 3496 918 3548 Ι,
961 3511 1006 3555 an,
1023 3505 1051 3544 ut
1067 3512 1082 3544 a
1099 3497 1286 3558 recentioribus,
1303 3498 1338 3546 sie
1355 3498 1386 3546 ab
1403 3498 1508 3563 antiquis

371 3581 408 3630 18.
442 3579 553 3629 Boeeler.
571 3579 603 3627 ad
618 3577 686 3626 Vell.
704 3578 801 3626 Patere.
819 3578 840 3626 1.
858 3579 882 3626 3.
894 3584 919 3626 et
959 3577 1117 3640 scriptoribus
1128 3577 1155 3625 in
1166 3577 1241 3626 libros
1253 3577 1381 3626 translata.
1407 3579 1448 3627 De
1464 3578 1509 3627 ista

370 3662 484 3712 Oudend.
510 3660 542 3708 ad
567 3657 661 3720 Appul.
688 3658 792 3706 Metam.
814 3670 837 3717 p.
861 3657 918 3706 311.
959 3657 1149 3715 consuetudine,
1167 3672 1216 3721 qua
1233 3664 1258 3706 et
1275 3659 1374 3720 Spania
1390 3673 1435 3721 pro
1448 3660 1507 3707 His·

368 3741 504 3803 Propterea
520 3738 597 3800 igitur
619 3752 669 3785 non
694 3742 760 3794 erat,
781 3749 825 3782 cur
841 3736 917 3783 Bent·
957 3739 1039 3799 plania
1067 3736 1207 3798 dicebatur,
1232 3744 1329 3800 praeter
1355 3736 1431 3797 alios,
1461 3737 1509 3801 egit

366 3820 429 3869 leius
446 3833 547 3867 versum
564 3818 669 3865 eiiceret.
703 3816 738 3863 Et
755 3828 855 3862 servare
865 3829 917 3863 ma·
960 3817 1113 3866 Munckerus
1136 3818 1167 3865 ad
1183 3816 1314 3880 Fulgentii
1330 3816 1440 3879 Mythol.
1458 3815 1506 3866 III.

367 3899 426 3955 lim,
443 3899 510 3953 ideo,
528 3897 586 3960 quia
603 3897 634 3943 ad
651 3894 762 3958 oppiduli
778 3907 868 3941 nomen
886 3895 917 3942 si·
959 3912 983 3959 p.
1011 3898 1066 3946 121.
1100 3896 1232 3946 Horatium
1258 3896 1289 3945 ab
1313 3911 1361 3944 usn
1386 3897 1508 3946 communi

370 3977 426 4041 gnis
443 3977 559 4040 perfacile
576 3975 747 4032 indicandum,
764 3989 814 4021 non
826 3973 917 4022 sufficit
959 3976 1087 4025 recessisse
1111 3976 1193 4024 minus
1215 3976 1357 4026 verosimile
1379 3982 1430 4035 est,
1452 3976 1509 4040 quia

368 4058 461 4116 dicere,
476 4071 565 4120 panem
578 4057 603 4104 in
614 4070 643 4104 eo
655 4069 707 4104 esse
718 4055 794 4117 longe
805 4054 916 4117 pulcher·
959 4055 1031 4105 facile
1048 4057 1181 4119 posuisset:
1206 4058 1274 4106 Bari
1291 4058 1389 4106 nicenis
1403 4057 1507 4119 piscosi5

367 4139 459 4186 rimum
476 4144 501 4185 et
517 4151 607 4199 aquarn
629 4135 717 4193 vendi;
742 4135 857 4198 quamvis
883 4149 915 4183 ex
958 4138 1016 4185 hinc
1033 4139 1146 4199 Epnatia
1164 4138 1282 4200 lpmpliie.
1319 4134 1362 4186 sic
1373 4141 1399 4183 et
1410 4149 1508 4184 concur·

367 4218 491 4266 mentione
516 4214 621 4266 Canusii
647 4213 815 4276 intelligatur,
841 4213 916 4263 fuisse
956 4229 998 4263 sus
1015 4216 1202 4264 consonantium
1219 4216 1319 4265 vitatur.
1354 4214 1383 4265 si
1410 4217 1509 4264 onata

367 4296 477 4347 Canusio
493 4297 609 4345 vicinum.
644 4293 736 4344 Omnia
752 4301 817 4341 recte
833 4308 915 4356 proce-
956 4296 1091 4358 scripserit,
1117 4296 1221 4345 fortasse
1252 4295 1321 4355 fecit,
1348 4301 1377 4344 ut
1402 4294 1508 4344 incolas,
1559 4357 1561 4364 Ι

365 4379 465 4437 darent,
481 4377 502 4425 si
520 4375 638 4424 Horatius
655 4373 803 4437 scripsisset:
838 4375 915 4423 Man·
956 4376 1027 4439 quasi
1043 4375 1108 4423 male
1125 4375 1216 4424 Latine
1234 4373 1507 4439 loquentes,irrideret.

364 4458 420 4505 sari
436 4457 568 4519 oppidulo,
589 4455 655 4518 qaod
676 4469 748 4504 versa
769 4456 851 4503 daero
866 4470 915 4504 non
957 4455 1021 4504 Tala
1043 4454 1186 4518 exemplum
1204 4454 1284 4502 estin
1301 4452 1386 4503 Plauti
1404 4453 1506 4502 Trucul

365 4543 416 4594 est,
434 4537 518 4598 Siquis
532 4535 657 4599 perfacile
674 4540 726 4584 eat:
744 4536 813 4585 locas
824 4551 840 4583 a
845 4535 916 4598 forti
956 4534 1006 4583 111.
1033 4549 1061 4584 11.
1087 4535 1126 4583 21.
1163 4536 1247 4584 Perii!
1274 4533 1406 4583 rabonem?
1432 4547 1508 4594 quam

366 4619 486 4666 Diomede
514 4615 637 4664 Conditus
654 4621 692 4665 est
709 4617 783 4674 olim,·
801 4616 914 4664 amitat·
955 4629 1007 4663 esse
1023 4616 1106 4664 dicam
1132 4616 1197 4663 hanc
1222 4613 1345 4663 bellnam?
1382 4611 1454 4670 Quin
1480 4616 1508 4658 tn

364 4698 462 4745 lissima
478 4712 564 4745 rosim
600 4696 653 4744 Hic
674 4711 753 4757 aqam
775 4697 818 4744 sed
838 4695 914 4757 pann
956 4695 1121 4744 arrhabonem
1133 4694 1213 4742 dicis?
1230 4691 1362 4756 respondet
1373 4689 1449 4738 alter:
1469 4691 1509 4738 Ar
